2080 3424
1068 302 1123 342 24

240 445 380 487 minus
418 445 474 486 ad
512 447 718 486 auctores
745 441 830 484 XV
852 442 938 485 268
977 441 1185 484 laudatos
1215 441 1413 484 Helenae
1441 441 1538 485 loco
1570 441 1647 485 illo
1669 453 1806 496 supra
1835 454 1946 487 com-

241 519 481 559 memorato
523 514 569 569 (ξ
604 512 647 569 2)
689 526 792 556 usus
834 525 930 556 esse
974 513 1164 556 videtur.
1233 512 1386 566 Neque
1427 512 1541 556 enim
1579 514 1708 557 modo
1749 513 1948 568 Gorgiae

241 592 377 640 atque
410 586 577 629 Melissi
610 586 759 628 eadem
793 587 1034 638 praecepta
1067 584 1235 638 laudat,
1269 585 1348 627 sed
1380 585 1515 627 etiam
1546 584 1753 628 iudicium
1774 585 1829 629 de
1850 596 1948 629 auc·

242 658 413 701 toribus
446 656 640 699 laudatis
663 656 747 698 XV
771 656 855 699 268
888 655 1054 698 factum
1086 655 1226 699 simile
1249 659 1319 699 est
1341 655 1394 710 ei,
1429 657 1547 710 quod
1568 655 1612 700 X
1632 657 1660 699 3
1688 656 1948 701 auctoribus

242 729 479 773 nominatis
530 728 769 771 invenitur.
852 727 1097 782 Isocrates,
1150 729 1237 771 etsi
1287 727 1385 771 loco
1440 727 1690 781 posteriore
1739 728 1949 772 maiorem

243 813 464 844 numerum
527 804 757 842 auctorum
819 811 949 852 quam
1011 800 1160 853 priore
1217 799 1380 852 adfert,
1434 804 1583 843 tamen
1635 802 1827 854 utroque
1876 812 1949 844 res

244 873 498 915 notissimas
531 871 685 913 laudat
717 875 852 924 atque
885 882 951 924 ea,
986 883 1101 924 quae
1133 870 1386 924 philosophi
1418 870 1593 914 laudati
1626 872 1680 915 de
1712 871 1777 915 eis
1802 871 1949 925 rebuS,

244 956 355 997 quae
394 947 516 995 sunt,
558 942 793 987 senserint.
855 942 1016 995 Itaque
1058 942 1166 995 loci,
1204 943 1364 996 quibus
1402 942 1628 986 Isocrates
1666 942 1951 997 philosophos

244 1015 493 1068 superiores
539 1014 707 1066 laudat,
755 1015 795 1057 ei
832 1018 948 1067 sunt,
988 1027 1011 1058 e
1049 1014 1208 1068 quibus
1246 1026 1342 1056 eum
1383 1013 1726 1068 philosophandi
1763 1014 1952 1058 scientia

245 1087 406 1129 leviter
436 1085 647 1128 imbutum
681 1098 778 1128 esse
811 1086 1012 1129 conicere
1045 1085 1191 1129 liceat.

362 1157 512 1210 Neque
545 1157 681 1199 multo
714 1157 890 1211 saepius
924 1169 1054 1211 quam
1085 1156 1325 1211 Isocrates,
1365 1169 1492 1211 quem
1531 1166 1580 1200 ut
1619 1162 1843 1202 oratorem
1879 1169 1953 1201 au-

246 1236 393 1273 ctores
416 1229 607 1283 priorum
631 1233 874 1282 temporum
898 1229 1141 1271 studiosius
1164 1228 1385 1282 respicere
1407 1229 1484 1271 vix
1505 1230 1852 1282 exspectandum
1868 1233 1952 1282 est,

246 1301 533 1355 Xenophon
573 1304 779 1344 auctores
816 1300 986 1343 laudat.
1050 1300 1136 1343 Hic
1172 1312 1259 1344 non
1292 1300 1431 1343 solum
1471 1301 1666 1354 scriptor
1697 1300 1954 1344 Socraticus

249 1377 318 1416 est
351 1374 426 1416 sed
460 1372 594 1416 etiam
626 1374 680 1416 de
713 1373 845 1415 rebus
878 1374 1019 1426 gestis
1042 1375 1088 1415 et
1110 1373 1299 1426 artibus,
1323 1384 1436 1426 quae
1458 1373 1517 1415 ad
1538 1385 1661 1416 usum
1685 1373 1954 1416 cotidianum

248 1445 485 1498 pertinent,
532 1444 671 1487 libros
716 1444 974 1498 composuit.
1047 1442 1419 1497 Discrepantibus
1463 1455 1572 1498 ergo
1618 1444 1686 1487 his
1729 1443 1954 1487 scribendi

249 1516 485 1569 generibus
530 1528 609 1559 sua
653 1515 809 1569 cuique
854 1515 972 1558 ratio
1019 1519 1227 1558 auctores
1273 1515 1488 1558 laudandi
1521 1527 1616 1558 cum
1648 1516 1722 1570 sit,
1755 1515 1956 1570 singulas

250 1587 574 1631 consideraturi
606 1600 764 1631 sumus.

368 1659 419 1702 In
452 1660 578 1702 libris
597 1659 839 1703 Socraticis
861 1671 1002 1713 aeque
1023 1663 1159 1713 atque
1187 1660 1303 1713 apud
1325 1659 1569 1702 Isocratem
1592 1659 1763 1702 duobus
1784 1660 1956 1702 tantum

249 1731 358 1774 locis
407 1736 612 1774 auctores
659 1731 917 1774 nominatim
963 1731 1218 1774 laudantur.
1295 1730 1453 1774 Altero
1501 1734 1809 1786 argumentum
1854 1729 1958 1773 libri

249 1803 428 1845 Prodici
472 1804 525 1845 de
569 1803 760 1846 Hercule
806 1803 964 1856 scripti
1008 1803 1172 1845 dicitur
1215 1802 1365 1857 (Mem.
1395 1801 1440 1845 II
1472 1805 1507 1855 l,
1539 1801 1628 1855 21),
1668 1801 1816 1845 altero
1846 1802 1960 1844 duae

251 1876 550 1928 Anaxagorae
583 1874 834 1918 sententiae
866 1874 1046 1917 adlatae
1078 1885 1104 1916 a
1137 1873 1337 1927 Socrate,
1373 1874 1449 1927 qui
1479 1873 1524 1916 in
1547 1873 1754 1917 Platonis
1785 1884 1960 1927 quoque

251 1946 430 2000 scriptis
471 1947 725 2000 plerumque
764 1950 972 1989 auctores
1010 1947 1055 1988 in
1093 1945 1299 1988 iudicium
1331 1949 1479 1999 vocat,
1512 1944 1779 1988 refelluntur
1809 1944 1960 1999 (Mem.

252 2018 314 2060 IV
338 2019 376 2070 7,
401 2018 461 2072 6).
525 2019 649 2074 Quae
682 2018 751 2061 hic
784 2018 993 2061 Socrates
1033 2021 1191 2060 contra
1222 2018 1538 2070 Anaxagoram
1573 2017 1694 2070 dicit,
1734 2028 1788 2059 ea
1817 2016 1905 2059 iam
1936 2031 1962 2059 a

253 2091 451 2144 Diogene
476 2089 763 2143 Apolloniata
808 2093 855 2132 et
901 2090 958 2132 ab
979 2089 1247 2132 Antisthene
1278 2089 1319 2131 ei
1351 2089 1558 2142 opposita
1580 2092 1683 2131 sunt
1705 2087 1961 2143 (Dummler,

251 2160 538 2214 ‘Ut-adomim,
573 2162 736 2215 p.155,
766 2161 821 2216 1).
886 2161 1010 2216 Quae
1043 2160 1081 2204 si
1112 2160 1359 2214 Xenophon
1392 2173 1415 2203 e
1461 2160 1577 2203 libro
1621 2160 1811 2213 quodam
1838 2160 1963 2202 Anti-

254 2234 423 2276 sthenis
455 2234 597 2287 (cuius
630 2233 674 2275 in
706 2233 867 2276 iudicio
900 2245 994 2276 eum
1033 2233 1079 2275 in
1116 2231 1479 2275 Memorabilibus
1525 2235 1570 2274 et
1609 2230 1828 2275 Convivio
1866 2242 1963 2274 con-

254 2305 433 2358 scriptis
481 2304 630 2347 multis
678 2306 721 2347 in
761 2305 893 2347 rebus
931 2309 1055 2347 stare
1092 2305 1211 2347 inter
1247 2315 1397 2347 omnes
1434 2300 1661 2356 constat¹)
1710 2302 1871 2357 hausit,
1919 2303 1962 2345 id

256 2378 369 2430 qnod
404 2376 642 2419 verisimile
675 2380 756 2430 est,
791 2377 924 2419 etiam
959 2376 1098 2419 verba
1119 2375 1419 2429 Anaxagorae
1440 2377 1538 2428 ipsa
1559 2375 1742 2417 laudata
1773 2374 1964 2418 indidem

257 2449 492 2501 sumpsisse
532 2460 672 2501 neque
710 2452 935 2491 auctorem
979 2448 1120 2501 ipsum
1166 2447 1343 2490 videtur
1387 2446 1564 2488 adiisse.
1633 2445 1786 2499 Aeque
1827 2449 1964 2499 atque

257 2520 338 2561 hoc
371 2519 466 2562 loco
499 2519 758 2572 Xenophon,
793 2531 888 2562 cum
922 2519 1050 2562 Mem.
1076 2519 1145 2561 14
1177 2518 1370 2560 eiusdem
1402 2517 1703 2571 Anaxagorae
1735 2527 1965 2560 censuram

258 2591 367 2642 agit,
413 2591 595 2633 eundem
629 2595 853 2634 auctorem
887 2590 1197 2633 Antisthenem
1235 2589 1436 2642 sequitur
1469 2588 1677 2644 (Diimml.
1702 2587 1783 2630 Ak.
1808 2601 1844 2631 c.
1868 2586 1964 2641 IV).

261 2665 572 2715 Anaxagoram
627 2663 763 2716 ipsum
819 2664 993 2715 quidem
1040 2660 1289 2715 Xenophon
1351 2672 1431 2703 nec
1483 2659 1590 2703 alibi
1638 2660 1838 2702 nominat
1885 2670 1967 2703 nec

383 2842 413 2882 1)
443 2841 747 2883 Winckclmann,
778 2840 1020 2877 Antisthenis
1050 2840 1292 2885 Fragmenta,
1318 2838 1450 2875 Turici
1482 2840 1581 2881 1842,
1609 2849 1644 2884 p.
1664 2839 1720 2882 21,
1744 2838 1801 2879 23,
1825 2838 1969 2883 308qq.

261 2902 306 2935 48
333 2912 414 2946 sqq.
444 2920 484 2925 -
516 2901 723 2942 Diimmler,
752 2901 972 2937 Antisthen.
998 2911 1059 2946 pp.
1087 2902 1132 2936 29
1151 2909 1206 2945 sq.
1234 2900 1279 2935 35
1296 2909 1351 2944 sq.
1374 2918 1416 2923 —-
1438 2898 1534 2940 Joel,
1564 2898 1639 2934 Der
1664 2897 1777 2934 echte
1794 2895 1875 2933 und
1901 2895 1971 2933 der

264 2960 594 3006 x0noph«,ntis‹·he
621 2960 802 2997 Sokrutes
834 2962 933 2996 1893.
