2080 3424
1068 329 1235 394 60-

244 471 493 515 Wendland
526 471 751 525 sagaciter
783 469 918 513 evicit
949 469 1123 527 (Herm.
1147 469 1278 513 XXV
1301 470 1380 512 171
1406 469 1539 523 sqq.),
1602 455 1760 524 Quid‘s
1792 469 1948 513 Nonne

243 545 297 586 de
328 542 492 597 Lysiae
525 543 730 585 oratione
762 541 983 585 amatoria
1013 541 1127 585 idem
1160 541 1248 584 dici
1269 544 1325 585 -et
1357 544 1508 594 potest
1539 544 1585 584 et
1616 540 1779 585 debet?

361 614 447 658 Sed
492 615 632 667 prima
675 613 815 656 verba
859 614 1088 656 sermonis·
1112 612 1321 656 amatorii
1353 612 1494 655 262ss
1526 616 1573 656 et
1605 611 1746 657 2631«)
1782 613 1950 656 iterata

242 689 287 729 et
318 685 540 729 recensita
577 684 798 728 nonnullis
840 684 951 728 viris
992 686 1135 729 doctis
1179 688 1323 728 totam
1363 684 1609 728 orationem
1649 683 1814 739 Lysiae
1852 696 1950 728 esse

244 757 434 810 probare
467 757 674 799 videntur
706 756 924 810 (Krische,
957 755 1071 799 Gett.
1095 755 1220 799 Stud.
1248 757 1374 809 1847,
1408 755 1453 798 II
1474 756 1574 809 955,
1599 755 1787 811 Sauppe,
1821 755 1947 800 Orat.

242 829 380 871 Attic.
424 827 469 870 II
508 827 606 879 209,
651 828 868 870 Pretzsch
909 841 949 882 p.
978 828 1031 871 18
1072 840 1151 881 sq.‚
1196 827 1328 870 Blass
1381 827 1402 869 1
1442 827 1563 883 425).
1627 828 1798 871 Putant
1834 827 1949 872 enim

241 901 394 942 mirum
427 911 536 952 esse,
570 900 687 952 quod
719 899 851 942 Plato
884 898 1048 954 Lysiae
1081 899 1221 943 verba
1253 900 1319 942 ita
1350 900 1660 954 composuerit,
1700 903 1750 942 ut
1780 899 1950 954 vitupe-

243 984 343 1014 rare
377 976 541 1025 posset.
604 971 701 1014 Non
743 974 878 1014 recte.
942 972 1094 1025 Neque
1136 971 1249 1014 enim
1281 983 1304 1014 e
1337 972 1487 1014 verbis
1526 971 1678 1026 primis
1715 970 1949 1015 recensitis

243 1044 456 1097 sequitur,
502 1048 551 1086 ut
593 1047 690 1086 tota
734 1044 880 1087 oratio
929 1049 1007 1086 aut
1050 1044 1318 1097 prooemium
1362 1042 1525 1097 Lysiae
1574 1044 1647 1086 sit.
1733 1043 1950 1086 Videlicet

242 1115 374 1157 Plato
408 1127 459 1157 eo
493 1115 688 1168 consilio,
724 1117 772 1157 ut
803 1115 1095 1168 vituperaret,
1130 1115 1377 1157 orationem
1406 1114 1548 1157 finxit.
1612 1115 1764 1168 Neque
1796 1118 1950 1169 putan-

243 1187 342 1228 dum
382 1191 452 1229 est
489 1199 584 1229 eum
629 1187 696 1229 sui
734 1187 946 1230 commodi
989 1198 1124 1230 causa
1175 1187 1421 1230 orationem
1458 1187 1524 1229 ita
1560 1186 1870 1240 composuisse,
1902 1189 1951 1229 ut

243 1257 372 1301 facile
420 1257 678 1312 vituperare
726 1263 890 1312 posset.
953 1258 1056 1302 Etsi
1102 1271 1188 1302 non
1234 1258 1466 1301 diiudicari
1511 1262 1672 1312 potest,
1722 1270 1849 1312 quem
1893 1259 1950 1302 ad

243 1331 415 1372 modum
454 1328 618 1384 Lysiae
659 1331 807 1373 verbis
847 1335 892 1373 et
924 1330 1159 1374 sententiis
1193 1342 1296 1373 usus
1329 1329 1402 1383 sit,
1436 1333 1582 1373 tamen
1616 1333 1738 1373 certe
1770 1331 1864 1373 eius
1891 1329 1951 1372 di-

242 1402 444 1454 ctionem,
490 1402 754 1454 praesertim
794 1402 935 1455 prima
979 1402 1130 1454 verba,
1178 1414 1289 1455 quae
1334 1402 1607 1455 potissimum
1655 1402 1949 1456 vituperaret,

245 1477 334 1515 tam
367 1473 476 1516 bene
509 1474 708 1516 imitatus
747 1485 843 1516 esse
876 1474 1066 1526 videtur,
1105 1478 1154 1516 ut
1195 1474 1334 1527 primo
1373 1475 1558 1526 aspectu
1595 1473 1646 1525 is,
1680 1473 1755 1527 qui
1786 1472 1951 1527 Lysiae

244 1543 382 1597 ipsius
415 1545 642 1588 orationes
673 1544 861 1599 legerat,
896 1544 988 1589 eius
1021 1546 1240 1588 rationem
1268 1545 1492 1588 scribendi
1512 1556 1757 1599 agnoscere
1785 1549 1950 1598 posset.

360 1615 512 1669 Neque
546 1629 652 1660 vero
686 1618 813 1660 modo
844 1618 998 1659 mirum
1032 1621 1113 1670 est,
1157 1618 1273 1670 quod
1304 1617 1436 1660 Plato
1475 1620 1616 1660 totam
1654 1615 1819 1671 Lysiae
1857 1628 1952 1660 ora-

243 1688 406 1730 tionem
442 1688 693 1732 exscribere
727 1690 920 1742 videtur,
955 1690 1034 1732 sed
1065 1690 1199 1732 etiam
1235 1690 1364 1742 quod,
1401 1700 1663 1742 quamquam
1697 1693 1743 1731 et
1771 1686 1952 1742 Lysiam

245 1761 291 1801 et
341 1760 434 1802 eius
488 1761 734 1804 orationem
783 1761 1068 1804 vehementer
1120 1760 1418 1814 reprehendit,
1474 1764 1620 1803 tamen
1669 1771 1765 1803 eum
1810 1759 1951 1813 ipsum

244 1831 470 1874 nominare
502 1844 589 1875 non
611 1833 801 1875 dubitat.
866 1833 977 1875 Nam
998 1833 1243 1885 Platonem,
1277 1844 1373 1875 cum
1395 1831 1575 1886 Lysiam
1607 1830 1694 1874 sibi
1723 1830 1952 1885 aequalem

243 1903 450 1956 nominet,
485 1904 541 1946 ab
574 1904 731 1957 altera,
767 1917 897 1958 quam
930 1904 1251 1957 constituimus,
1293 1904 1611 1947 consuetudine
1649 1904 1862 1947 decedere
1893 1904 1954 1947 vi·

245 1975 407 2017 demus.
463 1976 589 2031 Quod
622 1977 678 2018 ad
711 1976 1014 2030 explicandum
1048 1977 1254 2019 diversae
1287 1977 1485 2019 rationes
1517 1974 1721 2018 adhiberi
1753 1977 1952 2029 possunt.

245 2045 354 2087 Nam
410 2046 524 2095 inde,
579 2049 696 2101 quod
747 2047 909 2102 Lysias
959 2049 1216 2091 nominatim
1266 2047 1489 2100 laudatur,
1544 2047 1791 2090 Phaedrum
1850 2050 1954 2100 post

246 2121 464 2161 mortuum
496 2119 687 2173 Lysiam,
738 2121 813 2173 qui
860 2123 961 2173 post
990 2132 1150 2162 annum
1181 2131 1220 2162 a.
1245 2119 1346 2162 Chr.
1377 2132 1417 2161 n.
1442 2119 1530 2162 380
1563 2119 1674 2162 diem
1706 2130 1954 2172 supremum

247 2188 408 2232 obiisse
456 2191 635 2233 videtur
679 2190 830 2245 (Blass
863 2190 953 2233 Att.
985 2190 1088 2232 Ber.
1121 2191 1168 2233 Ι2
1198 2191 1318 2244 344),
1363 2191 1660 2243 conscriptum
1701 2201 1798 2232 esse
1838 2188 1954 2232 effici

245 2264 408 2312 potest.
472 2261 599 2316 Quod
644 2267 882 2316 propterea
923 2262 1189 2306 reiciendum
1227 2267 1309 2315 est,
1353 2263 1470 2315 quod
1511 2261 1754 2315 scriptores
1792 2259 1955 2304 Graeci

246 2343 300 2373 ne
332 2336 549 2375 mortuum
584 2333 758 2386 quidem
790 2335 1095 2377 adversarium
1124 2335 1209 2377 sibi
1236 2333 1478 2387 aequalem,
1513 2345 1639 2387 quem
1668 2333 1954 2386 vituperandi

248 2403 317 2445 vel
367 2404 620 2458 corrigendi
667 2418 801 2448 causa
844 2406 1043 2458 laudant,
1092 2406 1317 2448 nominare
1362 2404 1519 2448 solent.
1583 2404 1692 2447 Nam
1732 2404 1954 2446 Isocrates

244 2463 341 2516 loco
376 2488 510 2529 supra
551 2478 775 2530 exscripto
812 2477 1015 2521 Platonis
1054 2478 1217 2520 mortui
1254 2489 1409 2520 nomen
1457 2479 1581 2519 tacet
1627 2476 1684 2529 (V
1720 2476 1804 2529 12).
1868 2474 1955 2519 Sed

250 2547 502 2601 Usenerum,
538 2549 612 2600 qui
643 2549 890 2592 Phaedrum
922 2562 949 2592 a
981 2549 1170 2593 Platone
1203 2548 1486 2592 adulescente
1519 2548 1638 2590 circa
1675 2558 1836 2590 annum
1868 2547 1955 2591 403

248 2618 459 2671 scriptum
493 2632 589 2662 esse
612 2625 742 2673 putat
763 2619 941 2672 (Rhein.
966 2619 1084 2662 Mus.
1108 2619 1284 2663 XXXV
1311 2620 1387 2663 131
1407 2623 1536 2673 sqq.),
1561 2623 1738 2663 secutus
1761 2618 1955 2662 fortasse

248 2690 411 2733 dixerit
454 2692 669 2744 quispiam
712 2692 943 2735 Platonem
985 2693 1132 2735 studio
1179 2690 1481 2745 philosophiae
1525 2689 1790 2745 flagrantem
1819 2693 1955 2744 atque

251 2760 471 2804 incensum
496 2763 811 2806 consuetudine
833 2763 1081 2817 aequalium
1105 2762 1310 2817 neglecta
1332 2774 1420 2815 eos,
1452 2763 1526 2815 qui
1548 2774 1707 2805 vanam
1737 2762 1955 2815 quandam

250 2837 389 2875 artem
413 2834 679 2878 rhetoricam
708 2839 980 2887 exercerent,
1011 2835 1295 2878 vehementer
1323 2834 1653 2888 impugnavisse
1675 2845 1832 2887 neque,
1860 2845 1956 2876 cum

250 2904 510 2957 nominaret,
543 2912 697 2959 aperte
731 2906 1053 2959 reprehendere
1081 2905 1371 2958 dubitavisse,
1412 2906 1487 2948 sed
1524 2909 1681 2959 postea
1713 2904 1956 2948 cautiorem

249 2975 410 3018 sactum
447 2978 747 3030 adver-sarim,
786 2979 909 3021 velut
942 2978 1264 3029 Antisthenem,
1298 2989 1384 3020 non
1418 2977 1559 3019 minus
1591 2977 1873 3030 impugnatos
1904 2976 1958 3018 de
