2080 3424
1008 314 1062 358 19

178 450 358 517 findat,
388 456 511 501 dicta
547 455 593 500 in
631 456 887 512 praesentia
917 455 1153 509 sufficiant
1193 457 1311 511 quod
1352 454 1613 511 quaestione
1650 465 1890 512 progressa

174 534 263 575 ωε
286 526 443 572 melius
474 526 763 583 intellegendi
793 527 986 571 facultas
1017 527 1146 571 nohis
1176 527 1370 572 dabitur.

301 611 375 656 Ab
418 610 650 655 Herodoto
696 612 752 655 ad
798 611 1072 655 Platonem
1119 612 1272 655 venire
1318 623 1618 667 properamus.
1684 611 1818 656 Cuius
1861 623 1888 656 e

177 681 367 739 asiptis
407 687 609 727 veterum
653 683 919 737 scriptorum
966 682 1236 727 Graecorum
1277 683 1634 727 consuetudinem
1679 686 1888 728 auctores

173 756 420 811 §mumque
466 754 607 798 verba
653 753 887 798 adserendi
932 754 1096 808 optime
1141 754 1360 808 discimus,
1408 766 1499 809 qua
1536 754 1592 798 de
1621 765 1759 799 cansa
1789 753 1889 799 hnic

165 825 438 908 quaestioni
469 826 738 881 gravissima
769 830 886 869 sunt.

300 908 463 955 Omnes
509 908 605 954 fere
648 910 903 964 scriptores,
952 921 1062 963 quos
1108 909 1239 953 Plato
1281 909 1539 954 nominatim
1575 908 1738 963 adfert,
1783 913 1888 953 sunt

175 980 450 1049 philosophi,
481 980 558 1035 qui
589 985 695 1024 ante
727 981 955 1024 Socratem
997 979 1188 1024 fuerunt.
1249 981 1398 1035 Atque
1434 980 1490 1024 de
1527 991 1707 1024 numero
1745 979 1887 1035 physi-

101 1050 146 1117 [J
172 1054 334 1099 eornm
371 1052 631 1097 Jonicornm
679 1051 914 1106 plerosque
945 1057 1257 1095 commemorat
1296 1051 1478 1107 (Zeller,
1520 1050 1651 1094 Atel».
1690 1049 1727 1104 s.
1757 1048 1811 1094 0.
1843 1050 1884 1093 d.

98 1123 137 1169 '1³11
175 1114 350 1169 naon.
397 1124 438 1167 V
462 1123 546 1168 165
562 1124 697 1179 sqq..)
765 1123 886 1180 Quos
933 1135 1082 1167 omnes
1129 1135 1217 1167 non
1263 1122 1403 1167 solum
1451 1122 1615 1177 passim
1649 1123 1694 1166 in
1724 1122 1888 1167 ceteris

174 1196 262 1242 sed
310 1195 447 1241 etiam
498 1197 553 1239 de
595 1207 746 1239 eorum
800 1194 1055 1249 praeceptis
1108 1195 1152 1238 in
1205 1194 1410 1250 dialogis,
1464 1195 1541 1248 qui
1585 1193 1887 1238 inscribuntur

175 1263 435 1324 Summas,
483 1267 776 1320 Theaetetus,
829 1266 932 1310 aliis
987 1266 1185 1321 pluribus
1238 1265 1388 1310 verbis
1440 1266 1673 1320 disputans
1718 1264 1884 1309 laudat.

177 1337 327 1384 Porro
372 1351 469 1383 cum
513 1340 567 1383 de
612 1350 794 1382 numero
840 1338 1088 1392 aequalium
1136 1338 1348 1381 neminem
1393 1336 1479 1380 nisi
1525 1335 1705 1391 Lysiam
1751 1340 1887 1390 atque

178 1409 428 1456 Isocratem
458 1410 706 1454 nominibus
743 1409 910 1453 additis
941 1408 1131 1462 adferat,
1171 1420 1355 1463 quorum
1385 1407 1572 1451 alterius
1608 1406 1653 1452 in
1683 1406 1887 1452 Phaedro

179 1483 429 1528 orationem
473 1483 693 1537 quandam
737 1481 963 1529 exscribit.
1007 1481 1195 1524 alterum
1238 1491 1404 1523 summa
1440 1479 1569 1523 laude
1604 1477 1757 1531 afficit,
1798 1489 1887 1532 qua

181 1555 240 1599 de
267 1565 320 1598 re
348 1557 508 1609 postea
546 1553 675 1608 plura
707 1553 846 1596 verba
874 1552 1078 1596 facienda
1117 1555 1235 1602 sunt,
1275 1562 1425 1595 omnes
1456 1549 1549 1594 fere
1585 1549 1828 1604 scriptores
1858 1561 1887 1592 a

181 1624 375 1671 Platone
404 1624 662 1669 nominatim
694 1624 902 1668 laudatos
931 1628 1084 1667 aetate
1116 1623 1303 1666 maiores
1334 1633 1432 1666 esse
1458 1621 1692 1665 observari
1722 1624 1885 1675 potest.

301 1721 494 1765 Tantum
525 1720 669 1773 abest,
702 1725 752 1763 ut
783 1732 932 1764 omnes
964 1719 1085 1763 locos
1117 1718 1200 1761 huc
1231 1717 1508 1773 pertinentes
1538 1716 1799 1769 exscribam,
1837 1721 1885 1759 ut

176 1791 241 1837 de
269 1793 437 1847 paucis,
470 1792 633 1846 quibus
664 1803 753 1846 qua
774 1791 948 1835 ratione
980 1790 1112 1834 Plato
1144 1795 1351 1833 auctores
1376 1799 1613 1842 eorumque
1644 1787 1783 1832 verba
1813 1788 1886 1831 ad·

181 1862 304 1908 ferat
333 1862 500 1918 optime
530 1862 763 1916 discamus,
796 1862 1076 1906 disseramus

302 1958 443 2016 Quam
482 1960 607 2003 varie
648 1970 734 2002 una
774 1959 1013 2012 eademque
1044 1956 1275 2009 Heracliti,
1317 1956 1438 1999 cuius
1471 1954 1603 1999 Plato
1635 1966 1721 1998 non
1752 1953 1885 1998 semel

181 2029 448 2076 mentionem
477 2029 602 2085 facit,
629 2029 855 2075 sententia
881 2028 1125 2081 adseratur,
1158 2038 1427 2082 cognoscere
1454 2026 1559 2070 licet
1579 2025 1701 2069 Crat.
1723 2026 1805 2070 401
1823 2024 1883 2069 D:

182 2102 275 2148 ὅσοι
302 2100 343 2147 δ’
365 2101 420 2147 αὖ
451 2101 593 2158 ὠσίαν,
625 2101 775 2159 σχεδόν
805 2117 843 2146 τι
874 2100 926 2145 αὖ
965 2100 1077 2144 οὗτοι
1116 2097 1220 2143 καθ’
1245 2097 1512 2156 Ἦράκλιιτον
1548 2099 1599 2141 ἂν
1633 2098 1798 2155 ἡγοῖντο
1834 2099 1886 2141 τὰ

185 2176 288 2220 ὄντα
313 2173 419 2219 ἰέναι
448 2189 495 2218 τε
524 2174 660 2218 πάντα
689 2176 760 2217 καὶ
792 2173 924 2230 μένειν
954 2172 1071 2216 οὐδέν
1102 2175 1148 2214 et
1169 2170 1258 2214 402
1271 2171 1328 2213 A:
1362 2170 1473 2226 λέγα
1499 2182 1580 2213 που
1604 2162 1885 2226 Ἡράκλειτος,

182 2245 248 2291 ὅτι
275 2246 412 2291 πάντα
441 2250 572 2304 χωρεῖ
603 2247 675 2289 καὶ
706 2246 823 2289 οὐδὲν
854 2242 975 2301 μένει,
1012 2245 1083 2286 καὶ
1114 2249 1301 2299 ποταμοῦ
1332 2242 1408 2298 ῥοῇ
1438 2239 1675 2292 ἀπεικάζων
1704 2242 1758 2283 τὰ
1786 2241 1886 2283 ὂντα

184 2316 311 2375 λίγα,
343 2317 401 2368 ὥς
430 2318 491 2370 δὶς
520 2318 562 2370 ἐς
592 2319 664 2361 τὸν
694 2318 819 2360 αὐτὸν
849 2317 1033 2373 ποταμὸν
1064 2316 1142 2358 οὐκ
1172 2315 1222 2357 ἄν
1252 2313 1434 2370 ἐμβαίης.
1497 2310 1593 2355 Hoc
1633 2310 1746 2354 enim
1788 2309 1884 2355 1000

185 2387 438 2444 philosophi
468 2387 587 2432 illius
618 2387 794 2431 obscuri
826 2387 947 2430 dicta
979 2386 1149 2440 plenius
1187 2389 1323 2439 atque
1360 2383 1611 2427 accuratius
1648 2392 1778 2436 quam
1810 2380 1884 2425 illo

185 2459 414 2515 exscripta
445 2471 543 2504 esse
574 2459 796 2512 videntur,
830 2458 944 2513 quod
978 2456 1154 2501 Socrati
1192 2456 1236 2499 in
1267 2455 1411 2498 animo
1449 2466 1546 2498 esse
1580 2452 1717 2497 verba
1750 2451 1885 2496 Hera·

179 2530 285 2576 eliti
326 2531 581 2576 accuratius
625 2529 826 2585 proferre
865 2527 935 2573 vel
973 2540 1025 2571 ex
1058 2539 1125 2581 eo,
1162 2526 1277 2581 quod
1318 2525 1570 2580 priusquam
1613 2523 1751 2567 verbs
1787 2523 1885 2578 ipsa

179 2601 378 2657 adferat,
399 2603 513 2661 λέγει
532 2616 613 2647 που
632 2596 899 2659 Ἡράκλειτος
919 2600 1041 2653 dicit,
1064 2597 1214 2652 colligi
1236 2601 1399 2652 potest.
1438 2595 1590 2650 Neque
1611 2595 1723 2639 enim
1746 2595 1884 2639 verba

189 2675 268 2720 sed
289 2675 539 2719 sententias
559 2671 664 2718 καθ’
683 2668 950 2731 Ἠράκλειτον
970 2670 1113 2714 altero
1137 2669 1233 2712 loco
1256 2667 1452 2723 legimus.
1486 2669 1633 2722 Atque
1654 2665 1732 2710 illa
1751 2666 1897 2712 πάντα

181 2754 316 2806 χωρεῖ
357 2746 429 2790 καὶ
471 2747 590 2791 οὐδὲν
635 2745 745 2804 μένει
776 2743 873 2787 sola
915 2742 1111 2786 auctoris
1155 2740 1292 2795 ipsius
1323 2751 1432 2791 esse,
1478 2739 1519 2782 id
1559 2737 1676 2793 quod
1707 2737 1784 2782 illo
1822 2739 1884 2782 ὅτι

189 2821 293 2873 post
337 2818 448 2875 λέγει
495 2817 641 2872 posito
686 2814 929 2869 significari
977 2813 1165 2864 uidetur,
1209 2810 1402 2856 sortasse
1446 2810 1604 2854 merito
1646 2809 1880 2853 coniecerit

180 2888 420 2944 quispiam.
502 2887 588 2933 Sed
650 2888 802 2931 eodem
863 2888 924 2930 ὅτι
978 2884 1183 2935 efficitur,
1236 2888 1287 2926 ut
1338 2880 1555 2926 Heracliti
1609 2880 1747 2925 verba
1797 2892 1883 2925 ser·

178 2959 306 3006 :noni
353 2959 558 3004 Platonis
605 2959 889 3003 innectantur
938 2967 1078 3010 neque
1132 2955 1216 2998 inm
1269 2954 1324 2997 ad
1378 2952 1557 2997 verbum
1608 2951 1883 2997 adferantur.

677 3046 683 3052 .
1744 3032 1790 3070 2·
