2080 3424
1146 328 1203 370 30

328 472 561 525 speximus,
609 470 744 513 valet.
807 469 918 512 Nam
955 469 1231 512 Herodotum
1274 480 1355 522 pro
1400 480 1480 511 sua
1524 469 1854 523 consuetudine,
1899 479 2030 524 quam

328 542 428 585 aliis
479 554 652 596 quoque
696 541 804 584 locis
849 541 972 584 velut
1016 539 1152 593 1173,
1191 539 1255 582 IV
1275 540 1356 583 191
1402 543 1545 593 tenet,
1592 539 1854 595 diligentiae
1895 551 2063 584 causa=

328 618 553 657 auctorem
599 612 828 665 Hecataei,
883 613 1021 668 λόγον,
1068 623 1155 654 non
1202 612 1422 668 λογοποιὸν
1469 610 1647 654 adferre
1693 610 1819 655 Diels
1865 610 2032 667 optime

329 686 448 727 dicit.
512 684 678 727 Horum
711 683 905 726 locorum
938 683 1056 726 ratio
1089 682 1309 726 simillima
1342 689 1411 725 est
1432 682 1758 736 Xenophontis,
1790 682 1867 738 qui
1892 683 2029 727 Conv.

330 760 368 809 8,
393 757 450 798 32
494 768 573 810 pro
616 755 805 798 Platone
848 754 1128 803 Pausaniam,
1174 766 1301 808 quem
1345 754 1419 815 ille
1462 753 1508 797 iu
1551 753 1770 798 Convivio
1813 754 2031 798 dicentem

327 828 451 881 fecit,
513 826 727 881 laudat1).
812 826 990 870 Scilicet
1048 838 1158 880 quos
1210 825 1404 879 scriptor
1455 825 1711 869 Socraticus
1762 826 2032 870 disserentes

328 899 515 951 inducit,
592 899 730 941 eidem
798 902 902 940 sunt
969 900 1105 951 atque
1174 896 1340 950 fonteS,
1412 909 1521 951 quos
1590 909 1736 941 rerum
1804 900 2032 952 gestarum

328 971 520 1024 scriptor
552 973 775 1023 tamquam
808 969 1006 1012 dicentes
1038 968 1161 1012 facit.
1226 969 1389 1012 Tamen
1423 969 1588 1023 aliquid
1622 970 1741 1012 inter
1770 968 2032 1023 scriptorem

329 1043 518 1095 priorem
564 1045 609 1084 et
647 1042 938 1094 posteriorem
976 1041 1193 1084 interesse
1225 1040 1416 1084 videtur.
1480 1041 1730 1095 Xenophon
1761 1040 1889 1095 enim,
1937 1051 2032 1084 cum

328 1115 461 1157 καίτοι
498 1113 734 1165 Παυσανίας
765 1129 812 1170 γε
844 1114 867 1156 ὁ
898 1109 1145 1170 Ἀγάθωνος
1180 1120 1254 1156 τοῦ
1293 1120 1465 1170 ποιητοῦ
1495 1114 1670 1171 ἐραστὴς
1700 1113 2035 1170 ἀπολογοὺμενος

330 1187 431 1241 ὑπὲρ
473 1192 555 1228 τῶν
599 1186 778 1242 ἀκρασίᾳ
808 1184 1187 1242 ἐγκαλινδουμὲνων
1229 1186 1391 1242 εἴρηκεν
1435 1185 1491 1236 ὡς
1532 1187 1603 1228 καὶ
1646 1185 1882 1243 στράτευμα
1917 1184 2034 1228 ἀλκι-

335 1257 523 1313 μώτατον
567 1258 616 1299 ἂν
653 1257 811 1312 γένοιτο
855 1255 905 1299 ἐκ
946 1257 1146 1299 παιδικῶν
1183 1269 1227 1299 τε
1257 1258 1328 1298 καὶ
1361 1256 1547 1313 ἐραστῶν
1578 1257 1669 1299 κτλ.
1702 1254 1934 1309 scriberet,
1979 1256 2034 1298 dc

328 1328 518 1370 Platone
563 1340 736 1381 quoque
781 1327 1003 1382 cogitavit
1047 1340 1190 1381 neque
1235 1340 1282 1369 se
1325 1339 1414 1370 non
1458 1332 1549 1370 tam
1594 1326 1860 1370 Pausaniam
1905 1339 2034 1381 quam

330 1399 559 1442 Platonem
575 1399 779 1443 refellere
793 1399 1036 1453 ignoravit.
1058 1399 1254 1452 Accedit,
1272 1400 1388 1452 quod
1402 1398 1624 1452 aequales,
1638 1411 1748 1453 quos
1755 1399 2035 1454 aggreditur,

330 1471 594 1524 Xenophon,
654 1475 703 1514 ut
762 1476 920 1524 postea
978 1472 1241 1525 videbimus,
1300 1483 1389 1514 non
1445 1471 1657 1514 nominat.
1740 1471 1901 1525 Itaque
1952 1469 2035 1513 hoc

330 1543 426 1585 loco
495 1543 680 1586 alterius
742 1544 974 1596 scriptoris
1036 1548 1263 1586 auctorem
1325 1542 1503 1586 adferre
1566 1543 1764 1597 videtur,
1829 1545 1877 1586 ut
1938 1554 2035 1585 eum

332 1615 470 1666 ipsum
544 1619 707 1657 taceat.
812 1614 963 1668 Neque
1035 1627 1143 1658 vero
1215 1615 1448 1658 Herodoto
1520 1613 1740 1658 Hecataei
1808 1619 2035 1658 auctorem

331 1689 586 1738 exoptatum
649 1687 790 1728 visum
854 1699 950 1729 esse
1013 1691 1147 1740 atque
1211 1687 1427 1739 idoneum,
1491 1686 1572 1728 sub
1625 1697 1711 1740 quo
1762 1685 2035 1729 Hecataeum

331 1758 470 1809 ipsum
518 1758 718 1812 abderet,
766 1761 924 1810 putare
967 1757 1085 1800 licet.
1149 1758 1260 1800 Nam
1292 1761 1499 1800 auctores
1531 1757 1748 1801 Hecataei
1778 1756 2036 1801 Herodotus

332 1839 653 1882 nonnumquam
717 1830 779 1871 eis
842 1842 1015 1883 quoque
1076 1829 1198 1883 locis,
1262 1829 1420 1883 quibus
1483 1830 1547 1872 eis
1598 1829 1858 1879 assentitur,
1910 1827 2035 1872 velut

333 1899 394 1940 IV
421 1901 516 1952 191,
548 1900 708 1943 adfert.

475 1984 572 2026 Hac
603 1984 834 2028 adserendi
877 1990 1084 2028 auctores
1126 1985 1302 2028 ratione
1334 1985 1592 2028 Herodotus
1634 1984 1754 2028 inter
1793 1984 2036 2038 scriptores

336 2052 532 2097 Graecos
555 2055 719 2108 primus
741 2069 844 2099 usus
868 2069 964 2100 esse
987 2057 1179 2100 videtur.
1232 2056 1347 2109 Etsi,
1371 2057 1489 2110 quod
1512 2057 1660 2109 sciam,
1683 2057 1802 2110 apud
1822 2055 2035 2100 neminem

333 2125 504 2167 illorum
551 2128 827 2180 scriptorum,
874 2130 927 2171 de
973 2129 1131 2182 quibus
1174 2128 1302 2171 nobis
1347 2128 1644 2181 quaerendum
1686 2130 1767 2181 est,
1800 2126 1887 2170 nisi
1918 2127 2035 2180 apud

334 2196 606 2240 Herodotum
638 2202 773 2252 atque
805 2199 1143 2253 Xenophontem
1175 2199 1414 2253 invenitur,
1449 2204 1597 2242 tamen
1629 2198 1854 2242 scribendi
1874 2209 2037 2243 morem

334 2267 469 2311 fuisse
514 2281 599 2311 non
645 2270 781 2313 solum
824 2284 878 2314 ex
921 2271 1047 2314 libris
1085 2270 1358 2324 Aristotelis,
1405 2271 1480 2324 qui
1527 2271 1704 2324 saepius
1749 2269 1874 2313 velut
1905 2269 2036 2313 Rhot.

336 2338 410 2380 19
451 2353 489 2392 p.
524 2341 631 2384 1367
663 2342 730 2385 Μ
779 2341 1007 2386 Socratem
1053 2355 1133 2396 pro
1178 2342 1369 2385 Platone
1412 2341 1703 2384 substitutum
1746 2341 1913 2395 laudat,
1958 2342 2037 2385 sed

335 2411 464 2453 etiam
500 2425 549 2454 eo
583 2419 783 2466 apparet,
819 2416 934 2468 quod
966 2414 1142 2468 saepius
1172 2413 1218 2457 in
1254 2413 1457 2457 versibus
1489 2414 1751 2466 praesertim
1782 2414 1827 2456 in
1854 2412 2039 2456 Homeri

337 2481 581 2536 laudandis,
599 2485 721 2528 velut
735 2488 851 2540 apud
866 2486 1098 2529 Platonem
1113 2486 1179 2529 De
1194 2498 1284 2539 rep.
1301 2485 1369 2528 III
1379 2486 1465 2529 389
1474 2485 1525 2538 E,
1536 2484 1606 2528 hic
1619 2486 1772 2528 modus
1786 2484 2036 2528 adhibetur.

337 2554 421 2594 scd
455 2557 669 2606 quomodo
704 2570 782 2610 pro
827 2558 973 2601 indole
1017 2558 1282 2611 scriptorum
1315 2556 1626 2610 Xenophontis
1665 2560 1802 2611 atque
1832 2555 2038 2600 Platonis

459 2746 490 2786 1)
518 2744 687 2782 Platonis
728 2747 913 2784 Convivio
953 2748 1127 2784 confecto
1163 2747 1431 2794 Xenophontis
1474 2747 1662 2794 scriptum
1700 2756 1786 2784 esse
1823 2745 2040 2783 docuerunt

341 2802 409 2836 viri
449 2803 664 2841 doctissimi
707 2806 745 2842 C.
773 2806 831 2843 Fr.
860 2807 1053 2844 Hermann
1093 2806 1239 2844 Proem.
1279 2806 1389 2843 catal.
1430 2806 1534 2843 lectt.
1569 2806 1681 2844 Univ.
1713 2805 1831 2852 Mai-p.
1860 2803 1942 2843 hib.
1975 2813 2038 2840 an·

345 2862 503 2903 ¹⁸534s35.
539 2883 580 2888 —-
615 2863 785 2902 Prooem.
818 2877 847 2903 c.
876 2867 899 2903 l.
928 2867 968 2903 U.
998 2866 1044 2903 M.
1069 2870 1162 2903 aest.
1191 2877 1225 2903 a.
1256 2868 1357 2903 1841.
1391 2886 1434 2891 —
1468 2865 1639 2903 Prooem.
1678 2868 1751 2903 eat.
1784 2865 1889 2903 lectt.
1924 2862 2038 2902 Univ.
2077 2896 2080 2898 .

340 2919 508 2965 (iotting.
544 2933 604 2959 an.
646 2927 746 2961 1842.
783 2946 829 2952 —
867 2926 1004 2963 Philol.
1045 2925 1128 2963 Vlll
1160 2927 1228 2963 329
1253 2936 1334 2972 sqq.
1385 2925 1534 2962 Selianz
1575 2925 1701 2963 Herm.
1740 2923 1823 2962 XXI
1859 2924 1930 2962 439
1953 2932 2039 2969 sqq.

340 2978 440 3022 (ii-iis,
468 2980 688 3019 lstl'latons
702 2984 796 3021 oder
813 2984 1045 3031 Xenophons
1063 2984 1290 3032 Symposion
1310 2985 1380 3022 das
1399 2984 1579 3022 sriihere?
1607 2983 1918 3030 Aschaffenburg
1936 2983 2038 3020 1898.
2076 3035 2079 3037 .
