2080 3424
1095 306 1151 346 ‘26

272 455 513 502 temporum
547 448 788 501 scriptores
821 447 978 499 solent,
1022 445 1136 488 libro
1168 444 1295 487 addit
1326 445 1607 498 prooemium,
1641 456 1727 498 quo
1759 455 1825 498 ea,
1858 455 1973 498 quae

269 522 321 563 ‹le
369 520 513 572 rebus,
568 531 677 572 quas
729 517 822 571 ipse
876 520 1103 560 tracturus
1156 521 1237 570 est,
1290 516 1460 570 scripta
1511 519 1627 569 sunt,
1675 514 1838 569 adfert,
1884 526 1973 570 qua
2043 558 2051 567 ,

271 591 443 634 ratione
476 588 781 633 conscribendi
814 589 952 631 libros
985 589 1228 641 scriptores
1260 586 1422 630 Graeci
1453 599 1539 630 non
1573 589 1881 630 assueverant.
1935 637 1937 639 ¹

388 662 596 706 Omnibus
628 660 722 703 fere
760 660 868 702 locis
901 660 1044 702 adhuc
1075 658 1332 713 propositis,
1374 658 1411 702 si
1443 658 1603 702 iterum
1633 658 1974 712 perlustraveri-

268 746 375 786 mus,
421 744 547 775 unam
592 744 681 774 rem
725 730 983 773 auctoribus
1026 730 1221 773 laudatis
1263 742 1530 773 communem
1573 742 1670 773 esse
1712 729 1971 773 videbimus.

270 804 387 858 Quot
420 804 530 846 enim
563 808 769 845 auctores
799 802 1054 846 nominatim
1089 801 1364 851 adferuntur,
1391 800 1702 857 tot*(exceptis
1722 799 1863 856 Lysia
1882 800 1974 845 Iso·

270 880 393 918 crate
427 875 767 928 Themistogene
807 887 886 927 pro
919 874 1214 928 Xenophonte
1252 873 1516 928 substituto)
1557 878 1662 927 tum,
1696 884 1791 916 cum
1822 872 1974 915 lauda·

270 947 431 989 bantur
471 947 633 990 mortui
672 949 814 989 erant.
879 946 1008 1001 Quod
1045 957 1133 988 non
1170 945 1215 988 in
1257 957 1362 988 casu
1394 946 1598 999 positum,
1633 945 1712 988 sed
1743 946 1974 988 consuetu-

269 1018 382 1060 dinis
425 1017 648 1060 cuiusdam
680 1017 932 1060 litterariae
975 1029 1071 1060 esse
1109 1018 1173 1060 eis
1217 1018 1362 1070 rebus,
1409 1029 1520 1070 quas
1566 1029 1682 1060 nnnc
1727 1016 1975 1070 exposituri

269 1102 426 1142 snmus,
461 1089 653 1143 cognitis
686 1094 943 1132 statuemus.

386 1162 455 1203 Ad
500 1162 849 1215 cognoscendam
893 1173 1023 1214 quam
1065 1161 1210 1204 adhuc
1241 1161 1540 1214 spectavimus
1571 1161 1791 1204 rationem
1818 1159 1975 1204 subtili

270 1233 529 1285 quaestione
573 1245 660 1275 non
706 1245 813 1286 opus
858 1237 971 1276 erat.
1036 1232 1122 1276 Sed
1166 1236 1216 1275 ut
1259 1236 1433 1276 ceteras
1478 1244 1592 1286 quae
1630 1233 1716 1275 huc
1747 1231 1972 1286 pertinent

270 1317 340 1347 res
362 1305 692 1358 perspiciamus,
715 1304 863 1347 faeere
885 1317 973 1348 non
997 1317 1240 1358 possumus,
1265 1305 1370 1358 quin
1392 1305 1588 1347 virorum
1606 1303 1973 1358 doctissimorum,

270 1377 344 1429 qui
395 1377 448 1419 de
496 1376 760 1429 scriptorum
796 1375 1066 1420 Graecorum
1112 1376 1311 1419 fontibus
1359 1379 1404 1419 et
1452 1388 1566 1429 quae
1611 1375 1714 1419 aliis
1745 1387 1840 1418 cum
1871 1374 1975 1418 aliis

269 1448 524 1490 auctoribus
571 1448 902 1491 intercederent
948 1449 1148 1491 rationes
1196 1447 1529 1502 quaesiverunt,
1577 1446 1744 1491 auxilio
1782 1450 1972 1490 utamur.

271 1520 458 1562 Praeter
498 1519 599 1562 illos
644 1521 755 1562 enim
806 1520 940 1574 locos,
976 1520 1134 1574 quibus
1168 1521 1266 1573 quis
1297 1519 1530 1562 adferatur
1561 1531 1649 1562 non
1681 1517 1859 1562 dubium
1890 1523 1973 1571 est,

272 1590 444 1643 plurimi
499 1591 543 1634 in
602 1596 802 1635 veterum
859 1593 1126 1646 scriptorum
1175 1590 1446 1635 Graecorum
1499 1591 1626 1634 libris
1672 1590 1973 1643 inveniuntur,

271 1663 427 1714 quibus
463 1663 783 1706 sententiarum
822 1668 899 1706 aut
942 1663 1178 1707 verborum
1219 1663 1499 1706 laudatorum
1531 1667 1738 1706 auctores
1769 1661 1856 1716 ipsi
1885 1673 1974 1705 non

270 1733 561 1777 nominentur.
596 1734 716 1788 Quos
734 1736 789 1777 ad
809 1736 1154 1789 cognoscendos,
1172 1747 1271 1789 age,
1291 1747 1406 1778 nunc
1420 1734 1694 1788 singulorum
1708 1733 1975 1788 scriptorum

271 1805 408 1848 libros
441 1806 726 1849 excutiamus.

389 1876 689 1921 Herodotus
733 1891 757 1921 e
805 1878 1183 1932 logographorum
1229 1890 1410 1921 numero
1458 1879 1640 1921 eundem
1687 1877 1973 1928 Hecataeum,

271 1960 396 2000 quem
435 1949 491 1991 ab
530 1961 581 1991 eo
620 1950 789 1992 duobus
827 1950 936 1992 locis
973 1949 1191 1993 nominari
1223 1961 1356 2003 supra
1399 1950 1563 1992 dictum
1595 1954 1678 2003 est,
1711 1961 1842 1992 unum
1871 1961 1975 1992 non·

271 2031 481 2072 nusquam
506 2024 624 2063 tecte
646 2020 808 2064 adfert.
862 2021 1131 2074 Scriptorem
1156 2021 1269 2064 enim
1292 2021 1732 2064 Halicarnassensem
1755 2019 1976 2064 Hellanici

272 2092 470 2143 aequalis
503 2092 640 2135 libros
681 2094 962 2146 ignoravisse
994 2093 1243 2136 Dahlmann
1282 2093 1495 2146 probavit
1526 2090 1863 2146 (For-schunyen
1894 2091 1984 2144 auf

272 2162 311 2203 d.
346 2162 447 2204 Gceb.
491 2163 531 2204 cl.
566 2163 817 2206 Geschz'ehte
849 2165 1086 2221 111,128).
1151 2166 1215 2207 Ac
1253 2177 1307 2208 ne
1345 2170 1519 2208 ceteros
1558 2165 1730 2218 quidem
1769 2163 1975 2218 logogra-

274 2234 381 2287 phos
427 2235 484 2277 ab
529 2247 580 2278 eo
628 2237 854 2279 consultos
901 2249 997 2280 esse
1041 2237 1143 2280 Heil
1190 2237 1519 2290 dissertatione,
1570 2247 1700 2289 quam
1746 2234 1975 2290 inscripsit

277 2304 573 2360 Loyoyraphis
625 2307 701 2360 qm·
752 2306 963 2349 dieu-ntur
1015 2322 1123 2350 uum
1168 2306 1421 2350 Herodotus
1472 2321 1580 2349 usus
1631 2319 1722 2349 esse
1771 2305 1976 2349 videatur

272 2375 530 2431 (illarpuryi
563 2377 674 2420 Catt.
700 2379 835 2431 1884)
873 2379 1076 2423 confecta
1114 2378 1453 2423 demonstravit.
1517 2378 1663 2432 Atque
1700 2379 1739 2421 si
1778 2375 1975 2422 Herodo-

275 2456 344 2489 tus
377 2448 512 2491 nihilo
551 2450 690 2492 minus
728 2450 1018 2505 logographis
1057 2450 1319 2504 quibusdam
1357 2463 1461 2493 usus
1500 2455 1583 2504 est,
1622 2450 1705 2494 hoc
1738 2462 1818 2504 pro
1850 2454 1974 2494 certo

275 2521 458 2572 proponi
492 2525 653 2574 potest,
688 2534 782 2564 enm
815 2534 957 2575 neque
995 2523 1250 2565 nominatim
1291 2534 1432 2575 neque
1465 2522 1604 2564 tacite
1636 2534 1711 2565 eos
1743 2521 1973 2565 adtulisse.

276 2590 531 2634 Trautwein
563 2591 732 2644 (Herm.
767 2593 895 2636 XXV
918 2595 1002 2638 527
1022 2593 1157 2648 sqq.),
1190 2596 1240 2636 ut
1266 2593 1539 2637 Herodotum
1563 2593 1717 2636 Dicaei
1749 2594 1973 2637 cuiusdam

275 2662 419 2705 nescio
469 2675 580 2716 quae
630 2666 944 2708 commentaria
990 2665 1100 2708 VIII
1122 2665 1192 2718 65,
1217 2665 1302 2708 VII
1325 2666 1352 2708 3
1400 2665 1669 2720 laudavisse,
1716 2664 1818 2708 aliis
1863 2664 1974 2708 locis

276 2732 387 2774 libro
449 2746 534 2777 non
598 2735 849 2789 significato
912 2737 1201 2790 exscripsisse
1254 2737 1480 2790 probaret,
1534 2748 1712 2790 operam
1765 2736 1973 2791 perdidit.

280 2803 435 2846 Restat
468 2806 606 2859 igitur
644 2807 744 2849 huic
785 2807 1036 2860 quaestioni
1068 2820 1179 2851 unus
1211 2808 1478 2860 Hecataeus,
1512 2811 1692 2861 praeter
1724 2819 1851 2862 quem
1883 2806 1974 2851 He-

279 2877 457 2918 rodotus
491 2882 582 2920 tres
623 2879 907 2933 philosophos
946 2880 1155 2934 respexit.
1221 2879 1342 2935 Quos
1375 2892 1522 2923 omnes
1556 2880 1773 2933 quomodo
1804 2878 1975 2923 adtule-
2023 2911 2053 2940 .

276 2948 335 2988 rit
368 2948 448 2989 iam
483 2948 765 3001 inquiramus.
1944 2959 1947 2962 ¹
