<?xml version="1.0" encoding="UTF-8"?>
<!DOCTYPE html PUBLIC "-//W3C//DTD XHTML 1.0 Transitional//EN"
    "http://www.w3.org/TR/xhtml1/DTD/xhtml1-transitional.dtd">
<html xmlns="http://www.w3.org/1999/xhtml" xml:lang="en" lang="en">
 <head>
  <title>
</title>
<meta http-equiv="Content-Type" content="text/html;charset=utf-8" />
  <meta name='ocr-system' content='tesseract 3.04.00' />
  <meta name='ocr-capabilities' content='ocr_page ocr_carea ocr_par ocr_line ocrx_word'/>
</head>
<body>
  <div class='ocr_page' id='page_1' title='image "./deveterumscripto00seipuoft_0022.png"; bbox 0 0 2080 3424; ppageno 0'>
   <div class='ocr_carea' id='block_1_1' title="bbox 1130 316 1181 356">
    <p class='ocr_par' dir='ltr' id='par_1_1' title="bbox 1130 316 1181 356">
     <span class='ocr_line' id='line_1_1' title="bbox 1130 316 1181 356; baseline 0 0"><span class='ocrx_word' id='word_1_1' title='bbox 1130 316 1181 356; x_wconf 86' lang='lat'>14</span> 
     </span>
    </p>
   </div>
   <div class='ocr_carea' id='block_1_2' title="bbox 1009 372 1220 379">
    <p class='ocr_par' dir='ltr' id='par_1_2' title="bbox 1009 372 1220 379">
     <span class='ocr_line' id='line_1_2' title="bbox 1009 372 1220 379; baseline 0 0"><span class='ocrx_word' id='word_1_2' title='bbox 1009 372 1220 379; x_wconf 95' lang='lat' dir='ltr'> </span> 
     </span>
    </p>
   </div>
   <div class='ocr_carea' id='block_1_3' title="bbox 297 454 2001 1214">
    <p class='ocr_par' dir='ltr' id='par_1_3' title="bbox 298 454 2001 643">
     <span class='ocr_line' id='line_1_3' title="bbox 298 454 2001 511; baseline 0 -12"><span class='ocrx_word' id='word_1_3' title='bbox 298 457 539 510; x_wconf 81' lang='lat' dir='ltr'><strong>solverent,</strong></span> <span class='ocrx_word' id='word_1_4' title='bbox 577 457 872 509; x_wconf 88' lang='lat' dir='ltr'>quaerendum</span> <span class='ocrx_word' id='word_1_5' title='bbox 910 459 989 498; x_wconf 88' lang='lat' dir='ltr'>est.</span> <span class='ocrx_word' id='word_1_6' title='bbox 1055 454 1196 511; x_wconf 82' lang='lat' dir='ltr'>Quam</span> <span class='ocrx_word' id='word_1_7' title='bbox 1234 456 1291 498; x_wconf 92' lang='lat' dir='ltr'>ad</span> <span class='ocrx_word' id='word_1_8' title='bbox 1330 467 1418 498; x_wconf 90' lang='lat' dir='ltr'>rem</span> <span class='ocrx_word' id='word_1_9' title='bbox 1458 467 1545 508; x_wconf 90' lang='lat' dir='ltr'>qua</span> <span class='ocrx_word' id='word_1_10' title='bbox 1583 456 1637 499; x_wconf 91' lang='lat' dir='ltr'>de</span> <span class='ocrx_word' id='word_1_11' title='bbox 1673 467 1808 499; x_wconf 83' lang='lat' dir='ltr'>causa</span> <span class='ocrx_word' id='word_1_12' title='bbox 1844 466 2001 500; x_wconf 84' lang='lat' dir='ltr'>versus</span> 
     </span>
     <span class='ocr_line' id='line_1_4' title="bbox 298 525 2001 581; baseline 0 -10"><span class='ocrx_word' id='word_1_13' title='bbox 298 529 533 571; x_wconf 84' lang='lat' dir='ltr'><strong>laudentur</strong></span> <span class='ocrx_word' id='word_1_14' title='bbox 565 532 700 580; x_wconf 90' lang='lat' dir='ltr'>atque</span> <span class='ocrx_word' id='word_1_15' title='bbox 722 527 938 580; x_wconf 88' lang='lat' dir='ltr'>quomodo</span> <span class='ocrx_word' id='word_1_16' title='bbox 971 527 1088 570; x_wconf 89' lang='lat' dir='ltr'>ratio</span> <span class='ocrx_word' id='word_1_17' title='bbox 1111 526 1323 570; x_wconf 89' lang='lat' dir='ltr'>laudandi</span> <span class='ocrx_word' id='word_1_18' title='bbox 1354 538 1511 570; x_wconf 86' lang='lat' dir='ltr'>versus</span> <span class='ocrx_word' id='word_1_19' title='bbox 1539 529 1641 570; x_wconf 87' lang='lat' dir='ltr'>orta</span> <span class='ocrx_word' id='word_1_20' title='bbox 1673 527 1745 580; x_wconf 85' lang='lat' dir='ltr'>sit,</span> <span class='ocrx_word' id='word_1_21' title='bbox 1778 525 2001 581; x_wconf 85' lang='lat' dir='ltr'>pertinere</span> 
     </span>
     <span class='ocr_line' id='line_1_5' title="bbox 298 601 487 643; baseline -0.011 0"><span class='ocrx_word' id='word_1_22' title='bbox 298 601 487 643; x_wconf 86' lang='lat' dir='ltr'>videtur.</span> 
     </span>
    </p>

    <p class='ocr_par' dir='ltr' id='par_1_4' title="bbox 297 668 2001 1214">
     <span class='ocr_line' id='line_1_6' title="bbox 416 668 2000 725; baseline 0 -12"><span class='ocrx_word' id='word_1_23' title='bbox 416 670 518 713; x_wconf 93' lang='lat' dir='ltr'>Cum</span> <span class='ocrx_word' id='word_1_24' title='bbox 571 671 682 714; x_wconf 89' lang='lat' dir='ltr'>enim</span> <span class='ocrx_word' id='word_1_25' title='bbox 734 670 990 713; x_wconf 90' lang='lat' dir='ltr'>Herodotus</span> <span class='ocrx_word' id='word_1_26' title='bbox 1048 674 1093 713; x_wconf 89' lang='lat' dir='ltr'>et</span> <span class='ocrx_word' id='word_1_27' title='bbox 1146 670 1438 725; x_wconf 83' lang='lat' dir='ltr'>Thucydides,</span> <span class='ocrx_word' id='word_1_28' title='bbox 1491 670 1734 724; x_wconf 82' lang='lat' dir='ltr'><strong>scriptores</strong></span> <span class='ocrx_word' id='word_1_29' title='bbox 1784 668 2000 723; x_wconf 79' lang='lat' dir='ltr'>historici,</span> 
     </span>
     <span class='ocr_line' id='line_1_7' title="bbox 298 741 2000 797; baseline -0.001 -12"><span class='ocrx_word' id='word_1_30' title='bbox 298 743 476 785; x_wconf 87' lang='lat' dir='ltr'>Homeri</span> <span class='ocrx_word' id='word_1_31' title='bbox 508 742 772 785; x_wconf 80' lang='lat' dir='ltr'>carminibus</span> <span class='ocrx_word' id='word_1_32' title='bbox 796 745 1017 795; x_wconf 85' lang='lat' dir='ltr'>tamquam</span> <span class='ocrx_word' id='word_1_33' title='bbox 1039 754 1183 785; x_wconf 89' lang='lat' dir='ltr'>rerum</span> <span class='ocrx_word' id='word_1_34' title='bbox 1207 745 1435 797; x_wconf 82' lang='lat' dir='ltr'>gestarum</span> <span class='ocrx_word' id='word_1_35' title='bbox 1462 741 1661 785; x_wconf 86' lang='lat' dir='ltr'>fontibus</span> <span class='ocrx_word' id='word_1_36' title='bbox 1682 744 1880 795; x_wconf 81' lang='lat' dir='ltr'>utantur,</span> <span class='ocrx_word' id='word_1_37' title='bbox 1913 753 2000 785; x_wconf 90' lang='lat' dir='ltr'>non</span> 
     </span>
     <span class='ocr_line' id='line_1_8' title="bbox 298 811 2001 867; baseline 0 -11"><span class='ocrx_word' id='word_1_38' title='bbox 298 815 448 856; x_wconf 90' lang='lat' dir='ltr'>mirum</span> <span class='ocrx_word' id='word_1_39' title='bbox 488 817 569 866; x_wconf 87' lang='lat' dir='ltr'>est,</span> <span class='ocrx_word' id='word_1_40' title='bbox 611 814 727 866; x_wconf 91' lang='lat' dir='ltr'>quod</span> <span class='ocrx_word' id='word_1_41' title='bbox 764 813 810 855; x_wconf 92' lang='lat' dir='ltr'>in</span> <span class='ocrx_word' id='word_1_42' title='bbox 847 813 1027 867; x_wconf 90' lang='lat' dir='ltr'>scriptis</span> <span class='ocrx_word' id='word_1_43' title='bbox 1065 825 1214 856; x_wconf 91' lang='lat' dir='ltr'>eorum</span> <span class='ocrx_word' id='word_1_44' title='bbox 1251 826 1339 857; x_wconf 90' lang='lat' dir='ltr'>non</span> <span class='ocrx_word' id='word_1_45' title='bbox 1371 813 1504 857; x_wconf 90' lang='lat' dir='ltr'>semel</span> <span class='ocrx_word' id='word_1_46' title='bbox 1537 825 1693 856; x_wconf 87' lang='lat' dir='ltr'>versus</span> <span class='ocrx_word' id='word_1_47' title='bbox 1731 811 2001 856; x_wconf 83' lang='lat' dir='ltr'>verbotenus</span> 
     </span>
     <span class='ocr_line' id='line_1_9' title="bbox 297 883 2000 938; baseline 0 -11"><span class='ocrx_word' id='word_1_48' title='bbox 297 885 619 927; x_wconf 82' lang='lat' dir='ltr'>exscribuntur.</span> <span class='ocrx_word' id='word_1_49' title='bbox 653 883 927 938; x_wconf 80' lang='lat' dir='ltr'>Scriptorum</span> <span class='ocrx_word' id='word_1_50' title='bbox 949 890 1097 927; x_wconf 87' lang='lat' dir='ltr'>autem</span> <span class='ocrx_word' id='word_1_51' title='bbox 1120 884 1448 929; x_wconf 83' lang='lat' dir='ltr'>Socraticorum</span> <span class='ocrx_word' id='word_1_52' title='bbox 1470 886 1588 928; x_wconf 88' lang='lat' dir='ltr'>ratio</span> <span class='ocrx_word' id='word_1_53' title='bbox 1610 884 1823 928; x_wconf 86' lang='lat' dir='ltr'>laudandi</span> <span class='ocrx_word' id='word_1_54' title='bbox 1843 895 2000 928; x_wconf 80' lang='lat' dir='ltr'>versus</span> 
     </span>
     <span class='ocr_line' id='line_1_10' title="bbox 298 954 2001 1010; baseline 0 -12"><span class='ocrx_word' id='word_1_55' title='bbox 298 969 383 999; x_wconf 88' lang='lat' dir='ltr'>una</span> <span class='ocrx_word' id='word_1_56' title='bbox 420 968 514 998; x_wconf 88' lang='lat' dir='ltr'>cum</span> <span class='ocrx_word' id='word_1_57' title='bbox 556 955 623 1000; x_wconf 89' lang='lat' dir='ltr'>his</span> <span class='ocrx_word' id='word_1_58' title='bbox 661 956 842 1009; x_wconf 88' lang='lat' dir='ltr'>scriptis</span> <span class='ocrx_word' id='word_1_59' title='bbox 881 960 982 999; x_wconf 88' lang='lat' dir='ltr'>orta</span> <span class='ocrx_word' id='word_1_60' title='bbox 1020 961 1102 1000; x_wconf 92' lang='lat' dir='ltr'>est.</span> <span class='ocrx_word' id='word_1_61' title='bbox 1167 957 1277 999; x_wconf 91' lang='lat' dir='ltr'>Nam</span> <span class='ocrx_word' id='word_1_62' title='bbox 1317 969 1412 999; x_wconf 89' lang='lat' dir='ltr'>cum</span> <span class='ocrx_word' id='word_1_63' title='bbox 1445 955 1655 1000; x_wconf 86' lang='lat' dir='ltr'>Socrates</span> <span class='ocrx_word' id='word_1_64' title='bbox 1691 956 1736 999; x_wconf 91' lang='lat' dir='ltr'>in</span> <span class='ocrx_word' id='word_1_65' title='bbox 1769 954 2001 1010; x_wconf 87' lang='lat' dir='ltr'>colloquiis</span> 
     </span>
     <span class='ocr_line' id='line_1_11' title="bbox 298 1026 2000 1082; baseline 0.001 -13"><span class='ocrx_word' id='word_1_66' title='bbox 298 1033 452 1081; x_wconf 85' lang='lat' dir='ltr'>poetas</span> <span class='ocrx_word' id='word_1_67' title='bbox 485 1028 706 1081; x_wconf 84' lang='lat' dir='ltr'>respicere</span> <span class='ocrx_word' id='word_1_68' title='bbox 738 1027 915 1080; x_wconf 87' lang='lat' dir='ltr'>soleret,</span> <span class='ocrx_word' id='word_1_69' title='bbox 950 1028 1083 1070; x_wconf 87' lang='lat' dir='ltr'>etiam</span> <span class='ocrx_word' id='word_1_70' title='bbox 1114 1027 1158 1070; x_wconf 90' lang='lat' dir='ltr'>in</span> <span class='ocrx_word' id='word_1_71' title='bbox 1192 1029 1255 1071; x_wconf 90' lang='lat' dir='ltr'>eis</span> <span class='ocrx_word' id='word_1_72' title='bbox 1287 1028 1429 1081; x_wconf 89' lang='lat' dir='ltr'>libris,</span> <span class='ocrx_word' id='word_1_73' title='bbox 1464 1028 1623 1082; x_wconf 92' lang='lat' dir='ltr'>quibus</span> <span class='ocrx_word' id='word_1_74' title='bbox 1654 1026 1877 1081; x_wconf 86' lang='lat' dir='ltr'>colloquia</span> <span class='ocrx_word' id='word_1_75' title='bbox 1907 1027 2000 1070; x_wconf 89' lang='lat' dir='ltr'>eius</span> 
     </span>
     <span class='ocr_line' id='line_1_12' title="bbox 297 1098 2000 1154; baseline 0.001 -13"><span class='ocrx_word' id='word_1_76' title='bbox 297 1100 553 1152; x_wconf 89' lang='lat' dir='ltr'>redduntur,</span> <span class='ocrx_word' id='word_1_77' title='bbox 625 1102 703 1142; x_wconf 89' lang='lat' dir='ltr'>aut</span> <span class='ocrx_word' id='word_1_78' title='bbox 764 1099 839 1152; x_wconf 87' lang='lat' dir='ltr'>eis,</span> <span class='ocrx_word' id='word_1_79' title='bbox 902 1111 1016 1152; x_wconf 91' lang='lat' dir='ltr'>quae</span> <span class='ocrx_word' id='word_1_80' title='bbox 1076 1098 1196 1152; x_wconf 88' lang='lat' dir='ltr'>fecit,</span> <span class='ocrx_word' id='word_1_81' title='bbox 1259 1099 1421 1142; x_wconf 85' lang='lat' dir='ltr'>similia</span> <span class='ocrx_word' id='word_1_82' title='bbox 1480 1099 1723 1154; x_wconf 88' lang='lat' dir='ltr'>finguntur,</span> <span class='ocrx_word' id='word_1_83' title='bbox 1790 1098 2000 1152; x_wconf 85' lang='lat' dir='ltr'>plurimos</span> 
     </span>
     <span class='ocr_line' id='line_1_13' title="bbox 298 1170 2000 1214; baseline -0.001 -1"><span class='ocrx_word' id='word_1_84' title='bbox 298 1183 452 1213; x_wconf 86' lang='lat' dir='ltr'>versus</span> <span class='ocrx_word' id='word_1_85' title='bbox 484 1170 576 1214; x_wconf 88' lang='lat' dir='ltr'>eius</span> <span class='ocrx_word' id='word_1_86' title='bbox 608 1182 727 1213; x_wconf 89' lang='lat' dir='ltr'>more</span> <span class='ocrx_word' id='word_1_87' title='bbox 758 1171 932 1213; x_wconf 88' lang='lat' dir='ltr'>laudari</span> <span class='ocrx_word' id='word_1_88' title='bbox 964 1174 1309 1214; x_wconf 89' lang='lat' dir='ltr'>consentaneum</span> <span class='ocrx_word' id='word_1_89' title='bbox 1341 1175 1453 1214; x_wconf 90' lang='lat' dir='ltr'>erat.</span> <span class='ocrx_word' id='word_1_90' title='bbox 1515 1171 1658 1214; x_wconf 89' lang='lat' dir='ltr'>Porro</span> <span class='ocrx_word' id='word_1_91' title='bbox 1679 1182 1767 1214; x_wconf 89' lang='lat' dir='ltr'>non</span> <span class='ocrx_word' id='word_1_92' title='bbox 1799 1181 1896 1214; x_wconf 85' lang='lat' dir='ltr'>esse</span> <span class='ocrx_word' id='word_1_93' title='bbox 1927 1170 2000 1213; x_wconf 86' lang='lat' dir='ltr'>du-</span> 
     </span>
    </p>
   </div>
   <div class='ocr_carea' id='block_1_4' title="bbox 297 1241 2074 1295">
    <p class='ocr_par' dir='ltr' id='par_1_5' title="bbox 297 1241 2074 1295">
     <span class='ocr_line' id='line_1_14' title="bbox 297 1241 2074 1295; baseline -0.001 -11"><span class='ocrx_word' id='word_1_94' title='bbox 297 1243 411 1285; x_wconf 88' lang='lat' dir='ltr'>bium</span> <span class='ocrx_word' id='word_1_95' title='bbox 445 1242 635 1295; x_wconf 91' lang='lat' dir='ltr'>videtur,</span> <span class='ocrx_word' id='word_1_96' title='bbox 670 1242 774 1295; x_wconf 91' lang='lat' dir='ltr'>quin</span> <span class='ocrx_word' id='word_1_97' title='bbox 807 1242 1017 1286; x_wconf 87' lang='lat' dir='ltr'>Socrates</span> <span class='ocrx_word' id='word_1_98' title='bbox 1049 1242 1210 1286; x_wconf 87' lang='lat' dir='ltr'>multos</span> <span class='ocrx_word' id='word_1_99' title='bbox 1243 1255 1400 1287; x_wconf 90' lang='lat' dir='ltr'>versus</span> <span class='ocrx_word' id='word_1_100' title='bbox 1422 1244 1476 1286; x_wconf 92' lang='lat' dir='ltr'>de</span> <span class='ocrx_word' id='word_1_101' title='bbox 1497 1241 1708 1286; x_wconf 88' lang='lat' dir='ltr'>memoria</span> <span class='ocrx_word' id='word_1_102' title='bbox 1729 1241 2000 1285; x_wconf 85' lang='lat' dir='ltr'>verbotenus</span> <span class='ocrx_word' id='word_1_103' title='bbox 2070 1256 2074 1259; x_wconf 51' lang='lat'><strong><em>¹</em></strong></span> 
     </span>
    </p>
   </div>
   <div class='ocr_carea' id='block_1_5' title="bbox 293 1312 2001 3014">
    <p class='ocr_par' dir='ltr' id='par_1_6' title="bbox 293 1312 2001 3014">
     <span class='ocr_line' id='line_1_15' title="bbox 295 1312 2001 1368; baseline -0.001 -12"><span class='ocrx_word' id='word_1_104' title='bbox 295 1314 560 1367; x_wconf 86' lang='lat' dir='ltr'>laudaverit,</span> <span class='ocrx_word' id='word_1_105' title='bbox 602 1326 689 1367; x_wconf 85' lang='lat' dir='ltr'>qua</span> <span class='ocrx_word' id='word_1_106' title='bbox 721 1315 773 1357; x_wconf 91' lang='lat' dir='ltr'>de</span> <span class='ocrx_word' id='word_1_107' title='bbox 812 1326 946 1357; x_wconf 85' lang='lat' dir='ltr'>causa</span> <span class='ocrx_word' id='word_1_108' title='bbox 977 1313 1021 1357; x_wconf 91' lang='lat' dir='ltr'>in</span> <span class='ocrx_word' id='word_1_109' title='bbox 1054 1314 1246 1368; x_wconf 86' lang='lat' dir='ltr'>dialogis</span> <span class='ocrx_word' id='word_1_110' title='bbox 1278 1327 1434 1358; x_wconf 88' lang='lat' dir='ltr'>versus</span> <span class='ocrx_word' id='word_1_111' title='bbox 1471 1314 1576 1358; x_wconf 92' lang='lat' dir='ltr'>item</span> <span class='ocrx_word' id='word_1_112' title='bbox 1606 1315 1665 1357; x_wconf 90' lang='lat' dir='ltr'>ad</span> <span class='ocrx_word' id='word_1_113' title='bbox 1697 1312 1880 1357; x_wconf 89' lang='lat' dir='ltr'>verbum</span> <span class='ocrx_word' id='word_1_114' title='bbox 1911 1312 2001 1355; x_wconf 84' lang='lat' dir='ltr'>lau-</span> 
     </span>
     <span class='ocr_line' id='line_1_16' title="bbox 295 1385 2001 1439; baseline -0.001 -11"><span class='ocrx_word' id='word_1_115' title='bbox 295 1387 470 1429; x_wconf 87' lang='lat' dir='ltr'>dantur.</span> <span class='ocrx_word' id='word_1_116' title='bbox 534 1385 699 1429; x_wconf 86' lang='lat' dir='ltr'>Eadem</span> <span class='ocrx_word' id='word_1_117' title='bbox 738 1386 855 1429; x_wconf 89' lang='lat' dir='ltr'>ratio</span> <span class='ocrx_word' id='word_1_118' title='bbox 893 1386 1050 1429; x_wconf 89' lang='lat' dir='ltr'>tulisse</span> <span class='ocrx_word' id='word_1_119' title='bbox 1088 1386 1279 1439; x_wconf 90' lang='lat' dir='ltr'>videtur,</span> <span class='ocrx_word' id='word_1_120' title='bbox 1319 1390 1368 1428; x_wconf 89' lang='lat' dir='ltr'>ut</span> <span class='ocrx_word' id='word_1_121' title='bbox 1406 1385 1483 1428; x_wconf 91' lang='lat' dir='ltr'>alii</span> <span class='ocrx_word' id='word_1_122' title='bbox 1515 1397 1689 1439; x_wconf 92' lang='lat' dir='ltr'>quoque</span> <span class='ocrx_word' id='word_1_123' title='bbox 1721 1396 1892 1438; x_wconf 86' lang='lat' dir='ltr'>versus,</span> <span class='ocrx_word' id='word_1_124' title='bbox 1926 1385 2001 1438; x_wconf 90' lang='lat' dir='ltr'>qui</span> 
     </span>
     <span class='ocr_line' id='line_1_17' title="bbox 295 1454 2000 1511; baseline -0.001 -12"><span class='ocrx_word' id='word_1_125' title='bbox 295 1470 381 1500; x_wconf 91' lang='lat' dir='ltr'>non</span> <span class='ocrx_word' id='word_1_126' title='bbox 419 1457 744 1511; x_wconf 90' lang='lat' dir='ltr'>interpretandi</span> <span class='ocrx_word' id='word_1_127' title='bbox 774 1469 907 1500; x_wconf 88' lang='lat' dir='ltr'>causa</span> <span class='ocrx_word' id='word_1_128' title='bbox 939 1462 1018 1500; x_wconf 90' lang='lat' dir='ltr'>aut</span> <span class='ocrx_word' id='word_1_129' title='bbox 1056 1458 1114 1500; x_wconf 90' lang='lat' dir='ltr'>ad</span> <span class='ocrx_word' id='word_1_130' title='bbox 1146 1469 1236 1500; x_wconf 92' lang='lat' dir='ltr'>rem</span> <span class='ocrx_word' id='word_1_131' title='bbox 1269 1457 1400 1500; x_wconf 87' lang='lat' dir='ltr'>ullam</span> <span class='ocrx_word' id='word_1_132' title='bbox 1439 1457 1828 1501; x_wconf 81' lang='lat' dir='ltr'>demonstrandam</span> <span class='ocrx_word' id='word_1_133' title='bbox 1858 1454 2000 1499; x_wconf 88' lang='lat' dir='ltr'>adfer-</span> 
     </span>
     <span class='ocr_line' id='line_1_18' title="bbox 296 1528 2000 1583; baseline 0 -12"><span class='ocrx_word' id='word_1_134' title='bbox 296 1531 462 1581; x_wconf 86' lang='lat' dir='ltr'>rentur,</span> <span class='ocrx_word' id='word_1_135' title='bbox 502 1529 579 1571; x_wconf 90' lang='lat' dir='ltr'>sed</span> <span class='ocrx_word' id='word_1_136' title='bbox 622 1533 767 1571; x_wconf 86' lang='lat' dir='ltr'>tamen</span> <span class='ocrx_word' id='word_1_137' title='bbox 811 1529 1076 1583; x_wconf 89' lang='lat' dir='ltr'>scriptorum</span> <span class='ocrx_word' id='word_1_138' title='bbox 1118 1530 1342 1583; x_wconf 82' lang='lat' dir='ltr'>ingenium</span> <span class='ocrx_word' id='word_1_139' title='bbox 1383 1529 1683 1582; x_wconf 86' lang='lat' dir='ltr'>venditarent,</span> <span class='ocrx_word' id='word_1_140' title='bbox 1729 1528 2000 1572; x_wconf 82' lang='lat' dir='ltr'>verbotenus</span> 
     </span>
     <span class='ocr_line' id='line_1_19' title="bbox 296 1599 2000 1655; baseline 0 -13"><span class='ocrx_word' id='word_1_141' title='bbox 296 1599 663 1643; x_wconf 83' lang='lat' dir='ltr'>exscriberentur.</span> <span class='ocrx_word' id='word_1_142' title='bbox 727 1601 925 1654; x_wconf 90' lang='lat' dir='ltr'>Accedit,</span> <span class='ocrx_word' id='word_1_143' title='bbox 960 1602 1077 1654; x_wconf 91' lang='lat' dir='ltr'>quod</span> <span class='ocrx_word' id='word_1_144' title='bbox 1111 1600 1240 1644; x_wconf 90' lang='lat' dir='ltr'>Plato</span> <span class='ocrx_word' id='word_1_145' title='bbox 1273 1600 1318 1643; x_wconf 91' lang='lat' dir='ltr'>in</span> <span class='ocrx_word' id='word_1_146' title='bbox 1351 1600 1567 1644; x_wconf 89' lang='lat' dir='ltr'>Convivio</span> <span class='ocrx_word' id='word_1_147' title='bbox 1595 1599 1891 1655; x_wconf 86' lang='lat' dir='ltr'>Agathonem,</span> <span class='ocrx_word' id='word_1_148' title='bbox 1925 1600 2000 1654; x_wconf 88' lang='lat' dir='ltr'>qui</span> 
     </span>
     <span class='ocr_line' id='line_1_20' title="bbox 296 1671 1998 1726; baseline 0.001 -13"><span class='ocrx_word' id='word_1_149' title='bbox 296 1685 320 1713; x_wconf 81' lang='lat' dir='ltr'>a</span> <span class='ocrx_word' id='word_1_150' title='bbox 354 1671 565 1724; x_wconf 83' lang='lat' dir='ltr'>sophistis</span> <span class='ocrx_word' id='word_1_151' title='bbox 598 1675 679 1725; x_wconf 88' lang='lat' dir='ltr'>est,</span> <span class='ocrx_word' id='word_1_152' title='bbox 715 1684 800 1725; x_wconf 90' lang='lat' dir='ltr'>quo</span> <span class='ocrx_word' id='word_1_153' title='bbox 822 1672 976 1715; x_wconf 91' lang='lat' dir='ltr'>melius</span> <span class='ocrx_word' id='word_1_154' title='bbox 998 1673 1291 1726; x_wconf 88' lang='lat' dir='ltr'>describatur,</span> <span class='ocrx_word' id='word_1_155' title='bbox 1322 1673 1498 1726; x_wconf 89' lang='lat' dir='ltr'>saepius</span> <span class='ocrx_word' id='word_1_156' title='bbox 1531 1684 1688 1715; x_wconf 86' lang='lat' dir='ltr'>versus</span> <span class='ocrx_word' id='word_1_157' title='bbox 1721 1676 1766 1715; x_wconf 88' lang='lat' dir='ltr'>et</span> <span class='ocrx_word' id='word_1_158' title='bbox 1796 1672 1998 1726; x_wconf 83' lang='lat' dir='ltr'>integros</span> 
     </span>
     <span class='ocr_line' id='line_1_21' title="bbox 295 1741 1999 1798; baseline 0.001 -14"><span class='ocrx_word' id='word_1_159' title='bbox 295 1748 339 1784; x_wconf 87' lang='lat' dir='ltr'>et</span> <span class='ocrx_word' id='word_1_160' title='bbox 372 1755 523 1796; x_wconf 86' lang='lat' dir='ltr'>parum</span> <span class='ocrx_word' id='word_1_161' title='bbox 552 1743 704 1796; x_wconf 88' lang='lat' dir='ltr'>plenos</span> <span class='ocrx_word' id='word_1_162' title='bbox 736 1744 989 1786; x_wconf 88' lang='lat' dir='ltr'>laudantem</span> <span class='ocrx_word' id='word_1_163' title='bbox 1022 1743 1134 1786; x_wconf 89' lang='lat' dir='ltr'>facit</span> <span class='ocrx_word' id='word_1_164' title='bbox 1167 1743 1325 1798; x_wconf 76' lang='lat'>(1960,</span> <span class='ocrx_word' id='word_1_165' title='bbox 1354 1743 1499 1797; x_wconf 83' lang='lat' dir='ltr'>196E,</span> <span class='ocrx_word' id='word_1_166' title='bbox 1526 1743 1736 1795; x_wconf 78' lang='lat'>197130).</span> <span class='ocrx_word' id='word_1_167' title='bbox 1800 1741 1929 1798; x_wconf 78' lang='lat' dir='ltr'>Quod</span> <span class='ocrx_word' id='word_1_168' title='bbox 1960 1744 1999 1786; x_wconf 84' lang='lat' dir='ltr'>si</span> 
     </span>
     <span class='ocr_line' id='line_1_22' title="bbox 294 1814 1999 1869; baseline 0.001 -13"><span class='ocrx_word' id='word_1_169' title='bbox 294 1827 492 1857; x_wconf 80' lang='lat' dir='ltr'>sermone</span> <span class='ocrx_word' id='word_1_170' title='bbox 529 1819 628 1857; x_wconf 81' lang='lat' dir='ltr'>arte</span> <span class='ocrx_word' id='word_1_171' title='bbox 661 1816 811 1858; x_wconf 77' lang='lat' dir='ltr'>vincto</span> <span class='ocrx_word' id='word_1_172' title='bbox 842 1816 938 1869; x_wconf 90' lang='lat' dir='ltr'>ipso</span> <span class='ocrx_word' id='word_1_173' title='bbox 972 1815 1299 1868; x_wconf 84' lang='lat' dir='ltr'>postulabatur,</span> <span class='ocrx_word' id='word_1_174' title='bbox 1333 1819 1383 1858; x_wconf 88' lang='lat' dir='ltr'>ut</span> <span class='ocrx_word' id='word_1_175' title='bbox 1415 1827 1571 1858; x_wconf 89' lang='lat' dir='ltr'>versus</span> <span class='ocrx_word' id='word_1_176' title='bbox 1604 1826 1734 1869; x_wconf 89' lang='lat' dir='ltr'>quam</span> <span class='ocrx_word' id='word_1_177' title='bbox 1765 1814 1999 1869; x_wconf 82' lang='lat' dir='ltr'>neglegen-</span> 
     </span>
     <span class='ocr_line' id='line_1_23' title="bbox 294 1885 1998 1940; baseline 0.001 -13"><span class='ocrx_word' id='word_1_178' title='bbox 294 1886 461 1928; x_wconf 86' lang='lat' dir='ltr'>tissime</span> <span class='ocrx_word' id='word_1_179' title='bbox 502 1886 871 1940; x_wconf 86' lang='lat' dir='ltr'>exscriberentur,</span> <span class='ocrx_word' id='word_1_180' title='bbox 914 1885 1061 1929; x_wconf 86' lang='lat' dir='ltr'>facere</span> <span class='ocrx_word' id='word_1_181' title='bbox 1105 1899 1191 1929; x_wconf 92' lang='lat' dir='ltr'>non</span> <span class='ocrx_word' id='word_1_182' title='bbox 1235 1899 1476 1940; x_wconf 88' lang='lat' dir='ltr'>possumus,</span> <span class='ocrx_word' id='word_1_183' title='bbox 1520 1885 1625 1940; x_wconf 91' lang='lat' dir='ltr'>quin</span> <span class='ocrx_word' id='word_1_184' title='bbox 1668 1889 1715 1929; x_wconf 89' lang='lat' dir='ltr'>et</span> <span class='ocrx_word' id='word_1_185' title='bbox 1754 1886 1998 1940; x_wconf 82' lang='lat' dir='ltr'>scriptores</span> 
     </span>
     <span class='ocr_line' id='line_1_24' title="bbox 296 1956 1997 2011; baseline 0.001 -13"><span class='ocrx_word' id='word_1_186' title='bbox 296 1956 531 2000; x_wconf 87' lang='lat' dir='ltr'>historicos</span> <span class='ocrx_word' id='word_1_187' title='bbox 578 1962 622 2000; x_wconf 88' lang='lat' dir='ltr'>et</span> <span class='ocrx_word' id='word_1_188' title='bbox 669 1959 912 2011; x_wconf 89' lang='lat' dir='ltr'>scriptores</span> <span class='ocrx_word' id='word_1_189' title='bbox 957 1957 1210 2001; x_wconf 86' lang='lat' dir='ltr'>Socraticos</span> <span class='ocrx_word' id='word_1_190' title='bbox 1256 1970 1334 2002; x_wconf 89' lang='lat' dir='ltr'>suo</span> <span class='ocrx_word' id='word_1_191' title='bbox 1378 1958 1567 2001; x_wconf 90' lang='lat' dir='ltr'>arbitrio</span> <span class='ocrx_word' id='word_1_192' title='bbox 1606 1961 1847 2011; x_wconf 88' lang='lat' dir='ltr'>praecepta</span> <span class='ocrx_word' id='word_1_193' title='bbox 1883 1957 1997 2000; x_wconf 82' lang='lat' dir='ltr'>artis</span> 
     </span>
     <span class='ocr_line' id='line_1_25' title="bbox 295 2028 1997 2083; baseline 0.001 -14"><span class='ocrx_word' id='word_1_194' title='bbox 295 2028 515 2071; x_wconf 77' lang='lat' dir='ltr'>scribendi</span> <span class='ocrx_word' id='word_1_195' title='bbox 547 2029 795 2082; x_wconf 82' lang='lat' dir='ltr'>neglexisse</span> <span class='ocrx_word' id='word_1_196' title='bbox 828 2029 1034 2072; x_wconf 89' lang='lat' dir='ltr'>dicamus.</span> <span class='ocrx_word' id='word_1_197' title='bbox 1099 2030 1251 2083; x_wconf 91' lang='lat' dir='ltr'>Neque</span> <span class='ocrx_word' id='word_1_198' title='bbox 1283 2030 1395 2073; x_wconf 89' lang='lat' dir='ltr'>enim</span> <span class='ocrx_word' id='word_1_199' title='bbox 1429 2034 1478 2072; x_wconf 95' lang='lat' dir='ltr'>ut</span> <span class='ocrx_word' id='word_1_200' title='bbox 1500 2041 1657 2072; x_wconf 84' lang='lat' dir='ltr'>versus</span> <span class='ocrx_word' id='word_1_201' title='bbox 1685 2029 1805 2083; x_wconf 87' lang='lat' dir='ltr'>ipsos</span> <span class='ocrx_word' id='word_1_202' title='bbox 1837 2028 1997 2072; x_wconf 85' lang='lat' dir='ltr'>exscri—</span> 
     </span>
     <span class='ocr_line' id='line_1_26' title="bbox 296 2099 1997 2155; baseline 0.001 -15"><span class='ocrx_word' id='word_1_203' title='bbox 296 2099 461 2152; x_wconf 88' lang='lat' dir='ltr'>berent,</span> <span class='ocrx_word' id='word_1_204' title='bbox 496 2101 784 2153; x_wconf 80' lang='lat' dir='ltr'>cogebantur.</span> <span class='ocrx_word' id='word_1_205' title='bbox 848 2100 933 2143; x_wconf 90' lang='lat' dir='ltr'>Sed</span> <span class='ocrx_word' id='word_1_206' title='bbox 967 2102 1142 2144; x_wconf 86' lang='lat' dir='ltr'>ratione</span> <span class='ocrx_word' id='word_1_207' title='bbox 1174 2101 1311 2144; x_wconf 89' lang='lat' dir='ltr'>multo</span> <span class='ocrx_word' id='word_1_208' title='bbox 1340 2101 1481 2155; x_wconf 84' lang='lat' dir='ltr'>magis</span> <span class='ocrx_word' id='word_1_209' title='bbox 1513 2099 1759 2143; x_wconf 86' lang='lat' dir='ltr'>arbitraria</span> <span class='ocrx_word' id='word_1_210' title='bbox 1790 2111 1920 2154; x_wconf 85' lang='lat' dir='ltr'>quam</span> <span class='ocrx_word' id='word_1_211' title='bbox 1952 2099 1997 2142; x_wconf 83' lang='lat' dir='ltr'>hi</span> 
     </span>
     <span class='ocr_line' id='line_1_27' title="bbox 294 2171 1996 2225; baseline 0.002 -14"><span class='ocrx_word' id='word_1_212' title='bbox 294 2171 490 2213; x_wconf 87' lang='lat' dir='ltr'>nonnulli</span> <span class='ocrx_word' id='word_1_213' title='bbox 531 2174 733 2214; x_wconf 88' lang='lat' dir='ltr'>oratores</span> <span class='ocrx_word' id='word_1_214' title='bbox 775 2171 842 2214; x_wconf 89' lang='lat' dir='ltr'>usi</span> <span class='ocrx_word' id='word_1_215' title='bbox 884 2176 999 2214; x_wconf 89' lang='lat' dir='ltr'>sunt.</span> <span class='ocrx_word' id='word_1_216' title='bbox 1063 2172 1114 2215; x_wconf 93' lang='lat' dir='ltr'>In</span> <span class='ocrx_word' id='word_1_217' title='bbox 1157 2172 1434 2215; x_wconf 88' lang='lat' dir='ltr'>orationibus</span> <span class='ocrx_word' id='word_1_218' title='bbox 1476 2172 1647 2225; x_wconf 92' lang='lat' dir='ltr'>quidem</span> <span class='ocrx_word' id='word_1_219' title='bbox 1688 2171 1996 2215; x_wconf 83' lang='lat' dir='ltr'>deliberativis</span> 
     </span>
     <span class='ocr_line' id='line_1_28' title="bbox 294 2241 1996 2298; baseline 0.001 -15"><span class='ocrx_word' id='word_1_220' title='bbox 294 2254 523 2295; x_wconf 85' lang='lat' dir='ltr'>numquam</span> <span class='ocrx_word' id='word_1_221' title='bbox 557 2248 783 2296; x_wconf 88' lang='lat' dir='ltr'>poetarum</span> <span class='ocrx_word' id='word_1_222' title='bbox 809 2256 963 2286; x_wconf 87' lang='lat' dir='ltr'>versus</span> <span class='ocrx_word' id='word_1_223' title='bbox 986 2244 1192 2287; x_wconf 87' lang='lat' dir='ltr'>laudatos</span> <span class='ocrx_word' id='word_1_224' title='bbox 1215 2256 1310 2287; x_wconf 88' lang='lat' dir='ltr'>esse</span> <span class='ocrx_word' id='word_1_225' title='bbox 1334 2244 1566 2287; x_wconf 87' lang='lat' dir='ltr'>Rehdantz</span> <span class='ocrx_word' id='word_1_226' title='bbox 1587 2241 1851 2298; x_wconf 72' lang='lat' dir='ltr'>(Lykurqos&#39;</span> <span class='ocrx_word' id='word_1_227' title='bbox 1873 2241 1996 2284; x_wconf 79' lang='lat' dir='ltr'>Rode</span> 
     </span>
     <span class='ocr_line' id='line_1_29' title="bbox 293 2312 1995 2369; baseline 0.002 -16"><span class='ocrx_word' id='word_1_228' title='bbox 293 2327 423 2366; x_wconf 52' lang='lat' dir='ltr'>{loyen</span> <span class='ocrx_word' id='word_1_229' title='bbox 469 2312 705 2355; x_wconf 46' lang='lat' dir='ltr'>Ileokrates</span> <span class='ocrx_word' id='word_1_230' title='bbox 743 2328 789 2368; x_wconf 76' lang='lat' dir='ltr'>p.</span> <span class='ocrx_word' id='word_1_231' title='bbox 827 2315 915 2356; x_wconf 73' lang='lat'>153</span> <span class='ocrx_word' id='word_1_232' title='bbox 955 2317 1050 2369; x_wconf 65' lang='lat' dir='ltr'>sq),</span> <span class='ocrx_word' id='word_1_233' title='bbox 1096 2315 1170 2369; x_wconf 91' lang='lat' dir='ltr'>qui</span> <span class='ocrx_word' id='word_1_234' title='bbox 1215 2320 1441 2358; x_wconf 85' lang='lat' dir='ltr'>oratorum</span> <span class='ocrx_word' id='word_1_235' title='bbox 1490 2315 1736 2357; x_wconf 86' lang='lat' dir='ltr'>Atticorum</span> <span class='ocrx_word' id='word_1_236' title='bbox 1779 2314 1995 2358; x_wconf 86' lang='lat' dir='ltr'>rationem</span> 
     </span>
     <span class='ocr_line' id='line_1_30' title="bbox 295 2383 1995 2439; baseline 0.002 -14"><span class='ocrx_word' id='word_1_237' title='bbox 295 2383 502 2426; x_wconf 80' lang='lat' dir='ltr'>laudandi</span> <span class='ocrx_word' id='word_1_238' title='bbox 541 2397 695 2427; x_wconf 83' lang='lat' dir='ltr'>versus</span> <span class='ocrx_word' id='word_1_239' title='bbox 734 2387 897 2439; x_wconf 90' lang='lat' dir='ltr'>optime</span> <span class='ocrx_word' id='word_1_240' title='bbox 935 2386 1231 2439; x_wconf 89' lang='lat' dir='ltr'>adumbravit,</span> <span class='ocrx_word' id='word_1_241' title='bbox 1271 2398 1349 2429; x_wconf 87' lang='lat' dir='ltr'>suo</span> <span class='ocrx_word' id='word_1_242' title='bbox 1387 2387 1482 2429; x_wconf 89' lang='lat' dir='ltr'>iure</span> <span class='ocrx_word' id='word_1_243' title='bbox 1519 2386 1762 2428; x_wconf 85' lang='lat' dir='ltr'>contendit.</span> <span class='ocrx_word' id='word_1_244' title='bbox 1825 2384 1911 2428; x_wconf 88' lang='lat' dir='ltr'>Sed</span> <span class='ocrx_word' id='word_1_245' title='bbox 1943 2396 1995 2429; x_wconf 91' lang='lat' dir='ltr'>eo</span> 
     </span>
     <span class='ocr_line' id='line_1_31' title="bbox 295 2455 1997 2511; baseline 0.003 -17"><span class='ocrx_word' id='word_1_246' title='bbox 295 2456 469 2507; x_wconf 69' lang='lat' dir='ltr'>saepius</span> <span class='ocrx_word' id='word_1_247' title='bbox 501 2455 543 2497; x_wconf 91' lang='lat' dir='ltr'>in</span> <span class='ocrx_word' id='word_1_248' title='bbox 578 2468 737 2510; x_wconf 88' lang='lat' dir='ltr'>eorum,</span> <span class='ocrx_word' id='word_1_249' title='bbox 779 2469 888 2510; x_wconf 90' lang='lat' dir='ltr'>quos</span> <span class='ocrx_word' id='word_1_250' title='bbox 920 2470 1054 2511; x_wconf 88' lang='lat' dir='ltr'>supra</span> <span class='ocrx_word' id='word_1_251' title='bbox 1093 2458 1538 2509; x_wconf 89' lang='lat' dir='ltr'>commemoravimus,</span> <span class='ocrx_word' id='word_1_252' title='bbox 1579 2457 1856 2500; x_wconf 84' lang='lat' dir='ltr'>orationibus</span> <span class='ocrx_word' id='word_1_253' title='bbox 1887 2456 1997 2500; x_wconf 91' lang='lat' dir='ltr'>iudi·</span> 
     </span>
     <span class='ocr_line' id='line_1_32' title="bbox 295 2525 1994 2582; baseline 0.003 -16"><span class='ocrx_word' id='word_1_254' title='bbox 295 2525 479 2568; x_wconf 74' lang='lat' dir='ltr'>cialibus</span> <span class='ocrx_word' id='word_1_255' title='bbox 513 2532 761 2570; x_wconf 90' lang='lat' dir='ltr'>occurrunt.</span> <span class='ocrx_word' id='word_1_256' title='bbox 826 2528 976 2582; x_wconf 90' lang='lat' dir='ltr'>Neque</span> <span class='ocrx_word' id='word_1_257' title='bbox 999 2528 1130 2571; x_wconf 91' lang='lat' dir='ltr'>simili</span> <span class='ocrx_word' id='word_1_258' title='bbox 1151 2530 1279 2571; x_wconf 91' lang='lat' dir='ltr'>modo</span> <span class='ocrx_word' id='word_1_259' title='bbox 1303 2532 1438 2582; x_wconf 90' lang='lat' dir='ltr'>atque</span> <span class='ocrx_word' id='word_1_260' title='bbox 1471 2529 1515 2570; x_wconf 89' lang='lat' dir='ltr'>in</span> <span class='ocrx_word' id='word_1_261' title='bbox 1538 2528 1718 2581; x_wconf 86' lang='lat' dir='ltr'>scriptis</span> <span class='ocrx_word' id='word_1_262' title='bbox 1740 2527 1994 2582; x_wconf 85' lang='lat' dir='ltr'>Socraticis,</span> 
     </span>
     <span class='ocr_line' id='line_1_33' title="bbox 295 2598 1994 2653; baseline 0.004 -16"><span class='ocrx_word' id='word_1_263' title='bbox 295 2598 368 2638; x_wconf 66' lang='lat' dir='ltr'>sed</span> <span class='ocrx_word' id='word_1_264' title='bbox 409 2598 597 2640; x_wconf 90' lang='lat' dir='ltr'>arbitrio</span> <span class='ocrx_word' id='word_1_265' title='bbox 637 2605 861 2642; x_wconf 87' lang='lat' dir='ltr'>oratorum</span> <span class='ocrx_word' id='word_1_266' title='bbox 901 2601 1172 2653; x_wconf 88' lang='lat' dir='ltr'>quorundam</span> <span class='ocrx_word' id='word_1_267' title='bbox 1212 2600 1297 2643; x_wconf 93' lang='lat' dir='ltr'>loci</span> <span class='ocrx_word' id='word_1_268' title='bbox 1335 2599 1507 2643; x_wconf 88' lang='lat' dir='ltr'>laudati</span> <span class='ocrx_word' id='word_1_269' title='bbox 1538 2598 1581 2642; x_wconf 90' lang='lat' dir='ltr'>in</span> <span class='ocrx_word' id='word_1_270' title='bbox 1615 2599 1683 2642; x_wconf 88' lang='lat' dir='ltr'>his</span> <span class='ocrx_word' id='word_1_271' title='bbox 1716 2599 1994 2644; x_wconf 80' lang='lat' dir='ltr'>orationibus</span> 
     </span>
     <span class='ocr_line' id='line_1_34' title="bbox 295 2667 1994 2726; baseline 0.004 -18"><span class='ocrx_word' id='word_1_272' title='bbox 295 2667 380 2709; x_wconf 83' lang='lat' dir='ltr'>orti</span> <span class='ocrx_word' id='word_1_273' title='bbox 405 2673 524 2711; x_wconf 78' lang='lat' dir='ltr'>sunt:</span> <span class='ocrx_word' id='word_1_274' title='bbox 565 2682 651 2722; x_wconf 90' lang='lat' dir='ltr'>qua</span> <span class='ocrx_word' id='word_1_275' title='bbox 674 2671 727 2713; x_wconf 86' lang='lat' dir='ltr'>de</span> <span class='ocrx_word' id='word_1_276' title='bbox 750 2682 884 2713; x_wconf 87' lang='lat' dir='ltr'>causa</span> <span class='ocrx_word' id='word_1_277' title='bbox 907 2671 1105 2714; x_wconf 90' lang='lat' dir='ltr'>nonnulli</span> <span class='ocrx_word' id='word_1_278' title='bbox 1127 2675 1331 2714; x_wconf 87' lang='lat' dir='ltr'>oratores</span> <span class='ocrx_word' id='word_1_279' title='bbox 1354 2670 1474 2714; x_wconf 88' lang='lat' dir='ltr'>ultra</span> <span class='ocrx_word' id='word_1_280' title='bbox 1496 2672 1667 2714; x_wconf 90' lang='lat' dir='ltr'>modum</span> <span class='ocrx_word' id='word_1_281' title='bbox 1689 2670 1820 2715; x_wconf 88' lang='lat' dir='ltr'>facile</span> <span class='ocrx_word' id='word_1_282' title='bbox 1842 2670 1994 2726; x_wconf 86' lang='lat' dir='ltr'>egredi</span> 
     </span>
     <span class='ocr_line' id='line_1_35' title="bbox 297 2741 1995 2797; baseline 0.005 -20"><span class='ocrx_word' id='word_1_283' title='bbox 297 2743 533 2789; x_wconf 77' lang='lat' dir='ltr'>potuerunt</span> <span class='ocrx_word' id='word_1_284' title='bbox 575 2753 715 2794; x_wconf 87' lang='lat' dir='ltr'>neque</span> <span class='ocrx_word' id='word_1_285' title='bbox 758 2744 908 2794; x_wconf 85' lang='lat' dir='ltr'>paucis</span> <span class='ocrx_word' id='word_1_286' title='bbox 949 2742 1151 2786; x_wconf 86' lang='lat' dir='ltr'>versibus</span> <span class='ocrx_word' id='word_1_287' title='bbox 1190 2743 1390 2785; x_wconf 92' lang='lat' dir='ltr'>contenti</span> <span class='ocrx_word' id='word_1_288' title='bbox 1433 2741 1625 2794; x_wconf 81' lang='lat' dir='ltr'>fuerunt,</span> <span class='ocrx_word' id='word_1_289' title='bbox 1669 2743 1747 2786; x_wconf 88' lang='lat' dir='ltr'>sed</span> <span class='ocrx_word' id='word_1_290' title='bbox 1784 2742 1995 2797; x_wconf 85' lang='lat' dir='ltr'>plurimos</span> 
     </span>
     <span class='ocr_line' id='line_1_36' title="bbox 296 2808 1993 2867; baseline 0.005 -19"><span class='ocrx_word' id='word_1_291' title='bbox 296 2808 499 2863; x_wconf 79' lang='lat' dir='ltr'>deinceps</span> <span class='ocrx_word' id='word_1_292' title='bbox 532 2811 838 2856; x_wconf 84' lang='lat' dir='ltr'>laudaverunt..</span> <span class='ocrx_word' id='word_1_293' title='bbox 903 2813 961 2867; x_wconf 65' lang='lat' dir='ltr'>L)</span> <span class='ocrx_word' id='word_1_294' title='bbox 974 2815 1063 2856; x_wconf 90' lang='lat' dir='ltr'>sias</span> <span class='ocrx_word' id='word_1_295' title='bbox 1088 2813 1251 2867; x_wconf 87' lang='lat' dir='ltr'>primus</span> <span class='ocrx_word' id='word_1_296' title='bbox 1284 2815 1327 2856; x_wconf 90' lang='lat' dir='ltr'>in</span> <span class='ocrx_word' id='word_1_297' title='bbox 1357 2814 1559 2857; x_wconf 88' lang='lat' dir='ltr'>oratione</span> <span class='ocrx_word' id='word_1_298' title='bbox 1587 2813 1631 2856; x_wconf 91' lang='lat' dir='ltr'>in</span> <span class='ocrx_word' id='word_1_299' title='bbox 1652 2813 1993 2857; x_wconf 79' lang='lat' dir='ltr'>Mnesimachum</span> 
     </span>
     <span class='ocr_line' id='line_1_37' title="bbox 298 2878 1993 2938; baseline 0.005 -19"><span class='ocrx_word' id='word_1_300' title='bbox 298 2878 446 2922; x_wconf 79' lang='lat' dir='ltr'>habita</span> <span class='ocrx_word' id='word_1_301' title='bbox 472 2894 623 2924; x_wconf 79' lang='lat' dir='ltr'>versus</span> <span class='ocrx_word' id='word_1_302' title='bbox 648 2884 899 2927; x_wconf 76' lang='lat' dir='ltr'>laudavisse</span> <span class='ocrx_word' id='word_1_303' title='bbox 923 2886 1111 2938; x_wconf 85' lang='lat' dir='ltr'>videtur,</span> <span class='ocrx_word' id='word_1_304' title='bbox 1137 2890 1231 2928; x_wconf 85' lang='lat' dir='ltr'>tres</span> <span class='ocrx_word' id='word_1_305' title='bbox 1253 2885 1350 2927; x_wconf 89' lang='lat' dir='ltr'>dico</span> <span class='ocrx_word' id='word_1_306' title='bbox 1374 2886 1551 2928; x_wconf 87' lang='lat' dir='ltr'>Carcini</span> <span class='ocrx_word' id='word_1_307' title='bbox 1573 2897 1729 2928; x_wconf 89' lang='lat' dir='ltr'>versus</span> <span class='ocrx_word' id='word_1_308' title='bbox 1752 2884 1993 2937; x_wconf 48' lang='lat' dir='ltr'>trimetro&amp;</span> 
     </span>
     <span class='ocr_line' id='line_1_38' title="bbox 296 2951 1994 3014; baseline 0.005 -24"><span class='ocrx_word' id='word_1_309' title='bbox 296 2962 404 3002; x_wconf 72' lang='lat' dir='ltr'>quos</span> <span class='ocrx_word' id='word_1_310' title='bbox 449 2951 582 3005; x_wconf 64' lang='lat' dir='ltr'>Lysia</span> <span class='ocrx_word' id='word_1_311' title='bbox 621 2961 802 2998; x_wconf 85' lang='lat' dir='ltr'>auctore</span> <span class='ocrx_word' id='word_1_312' title='bbox 834 2955 1133 3009; x_wconf 86' lang='lat' dir='ltr'>Harpocratio</span> <span class='ocrx_word' id='word_1_313' title='bbox 1173 2956 1252 2999; x_wconf 88' lang='lat' dir='ltr'>sub</span> <span class='ocrx_word' id='word_1_314' title='bbox 1292 2968 1399 2999; x_wconf 80' lang='lat' dir='ltr'>voce</span> <span class='ocrx_word' id='word_1_315' title='bbox 1438 2957 1642 3014; x_wconf 79' lang='grc' dir='ltr'>Καρκῖνος</span> <span class='ocrx_word' id='word_1_316' title='bbox 1679 2957 1832 2999; x_wconf 87' lang='lat' dir='ltr'>tradit.</span> <span class='ocrx_word' id='word_1_317' title='bbox 1896 2955 1994 3012; x_wconf 81' lang='lat' dir='ltr'>Qua</span> 
     </span>
    </p>
   </div>
  </div>
 </body>
</html>
