2080 3424
177 456 202 490 03
218 433 382 488 verba,
434 441 647 490 quantum
703 442 872 492 potest,
918 450 1000 482 sua
1045 438 1204 490 faciat,
1248 438 1447 483 nimirum
1494 439 1642 484 indole
1686 443 1824 495 atque

116 505 308 565 mliv
338 506 630 563 dialogorum,
664 513 713 552 ut
742 510 996 554 accuratius
1019 511 1158 555 verba
1189 510 1404 565 quaedam
1435 509 1614 555 adferat
1644 521 1825 555 commo-

273 576 390 635 ‘Quo
450 578 564 623 enim
624 580 753 623 modo
814 593 957 625 sermo
1020 582 1254 626 verborum
1310 581 1588 626 laudatorum
1638 580 1822 636 formam
1887 575 1889 578 ⁴

114 649 445 717 mquam
483 651 750 705 moderetur,
788 664 1056 707 cognoscere
1094 653 1200 697 licet
1236 652 1359 697 Crat.
1397 652 1484 697 402
1494 653 1547 705 A,
1585 652 1675 707 ubi,
1707 657 1825 707 post·

102 723 258 782 vm
274 722 488 766 Socrates
510 721 783 766 Heraclitum
814 724 1076 778 sapientiam
1099 730 1322 769 vetustam
1344 724 1544 779 proferre
1565 723 1652 768 sibi
1683 722 1826 782 videri

200 838 209 850 ἶ
272 791 589 848 Hermogenes,
613 795 688 847 qui
725 806 820 838 eum
854 807 1005 849 parum
1038 795 1273 850 intellegit.
1306 807 1403 840 eum
1434 795 1539 851 quid
1571 795 1657 839 sibi
1688 793 1827 839 vellet

108 868 416 929 mutatus
447 869 708 919 commovet,
742 870 790 909 ut
822 868 925 921 quid
958 868 1124 911 sentiat
1155 867 1364 911 disertius
1386 871 1593 921 exponat.
1655 865 1827 910 Deinde

109 930 335 987 ficantes
365 934 453 980 iam
484 948 571 981 non
604 936 809 981 indicium
841 939 895 982 de
917 938 1134 982 Heracliti
1166 938 1371 982 doctrina
1402 937 1588 993 profert,
1620 937 1698 981 sed
1729 947 1824 980 eam

116 1006 264 1064 m
294 1018 348 1052 eo
378 1009 635 1052 accuratius
665 1008 828 1061 adfert,
861 1011 976 1063 quod
999 1009 1268 1064 Hermogeni
1288 1009 1398 1054 nihil
1419 1009 1539 1053 aliud
1571 1008 1824 1063 respondet.

96 1076 276 1141 me
317 1080 424 1135 quid
468 1079 653 1124 Theaet.
692 1080 821 1124 178ss
865 1082 1097 1125 observari
1140 1086 1302 1136 potest,
1347 1093 1434 1135 quo
1476 1080 1574 1124 loco
1616 1080 1826 1123 Socrates

102 1134 424 1207 '‘·Protagoram
476 1150 631 1206 ipsum,
683 1152 758 1206 qui
802 1165 1013 1206 praesens
1063 1153 1258 1208 fingitur,
1303 1152 1367 1196 sic
1413 1151 1613 1196 adfatur:
1661 1151 1827 1196 πάντων

120 1221 272 1281 μίτραν
304 1223 533 1280 ἅνθρωπός
571 1222 695 1279 ἐστιν,
727 1225 783 1276 ὡς
813 1225 932 1281 φατέ,
963 1223 998 1268 ὦ
1029 1225 1300 1282 Πρωταγόρα,
1330 1225 1493 1268 λευκῶν
1532 1223 1639 1277 κτλ,
1673 1222 1825 1276 itaque

123 1293 268 1340 verba
296 1295 501 1339 oratione
534 1300 659 1338 recta
688 1295 941 1349 laudantur,
974 1308 1062 1350 qua
1093 1296 1224 1339 Plato
1257 1295 1483 1339 rarissime
1514 1295 1670 1338 utitur.

27 1430 30 1432 q
241 1365 393 1420 Atque
413 1365 523 1410 haec
545 1365 719 1421 quidem
741 1366 968 1411 hactenus.
1022 1368 1114 1411 Iam
1142 1372 1420 1411 transeamus
1440 1367 1497 1410 ad
1519 1366 1824 1410 Isocratem.

122 1437 213 1496 Qui
241 1448 504 1493 quamquam
537 1442 694 1482 orator
715 1443 799 1493 est,
831 1444 978 1483 tamen
1000 1451 1081 1494 pro
1103 1440 1291 1492 ratione,
1324 1450 1437 1493 quae
1458 1438 1499 1482 ei
1529 1436 1616 1492 ipsi
1646 1436 1826 1490 eiusque

121 1507 252 1556 libris
281 1521 377 1554 cum
409 1509 672 1564 aequalibus
704 1511 957 1563 intercedit,
989 1510 1232 1565 scriptores
1253 1509 1450 1554 Graecos
1482 1508 1677 1563 respicit.
1738 1506 1825 1551 Sed

22 1585 36 1618 -s
120 1580 278 1636 >paneis
309 1580 420 1625 locis
450 1587 658 1626 auctores
680 1582 935 1626 nominatim
958 1582 1120 1626 adfert.
1143 1582 1186 1625 X
1209 1583 1248 1634 2,
1271 1583 1299 1625 3
1321 1582 1577 1635 Protagora
1598 1578 1825 1623 nominato

22 1678 28 1711 ,ι
123 1650 323 1708 Gorgiae
341 1652 535 1697 Zenonis
557 1653 726 1697 Melissi
757 1653 862 1698 item
884 1653 1207 1697 nominatorum
1239 1654 1294 1697 de
1317 1652 1449 1696 rebus
1470 1653 1549 1704 eis,
1572 1662 1685 1705 quae
1707 1655 1825 1699 sunt,

27 1722 62 1785 ᾔ*
124 1724 374 1769 sententias
410 1724 580 1768 laudat.
642 1724 782 1769 Simili
819 1726 946 1768 modo
984 1725 1067 1768 XV
1095 1725 1195 1771 268,
1234 1725 1339 1778 quid
1377 1728 1553 1767 veteres
1584 1721 1826 1776 sophistae,

124 1807 213 1850 quo
243 1807 270 1840 e
298 1807 480 1840 numero
510 1796 817 1851 Empedoclem
847 1796 993 1840 Ionem
1023 1796 1325 1840 Alcmaeonem
1359 1794 1661 1839 Parmenidem
1683 1791 1827 1836 Melis-

14 1865 42 1927 ·‘J
124 1879 219 1912 sum
250 1866 465 1923 Gorgiam
498 1869 708 1920 nominat,
740 1869 794 1912 de
828 1880 1005 1912 numero
1037 1880 1180 1911 rerum
1219 1868 1417 1911 sentiant
1465 1864 1627 1909 adfert.
1691 1863 1771 1907 His
1802 1875 1827 1906 e

20 1974 34 1994 ,Τ
124 1938 237 1984 locis
267 1939 450 1995 (quibus
490 1939 575 1983 XV
608 1940 691 1983 155
734 1953 816 1994 sq„
861 1951 948 1994 quo
996 1939 1092 1983 loco
1134 1939 1357 1982 Isocrates
1397 1939 1451 1981 de
1491 1936 1689 1990 Gorgiae
1729 1934 1827 1978 vita

35 2010 37 2014 ’
123 2015 286 2056 narrat
321 2014 369 2056 et
397 2011 482 2055 XV
516 2013 615 2065 235,
655 2012 730 2055 ubi
760 2013 1074 2065 Anaxagoram
1112 2017 1161 2054 ut
1198 2009 1382 2053 Periclis
1420 2007 1679 2062 magistrum
1717 2017 1827 2049 com·

13 2089 39 2142 ,⁴³¹
124 2087 354 2138 memorat,
391 2083 584 2127 addendi
622 2087 744 2135 sunt)
782 2082 994 2137 sequitur,
1038 2088 1086 2125 ut
1124 2081 1163 2125 ei
1202 2092 1374 2135 quoque
1417 2079 1672 2133 scriptoreS,
1717 2088 1828 2131 quos

125 2154 353 2200 Isocrates
389 2154 647 2199 nominatim
685 2155 854 2207 laudat,
893 2153 1133 2208 superioris
1171 2151 1338 2196 aetatis
1380 2150 1484 2194 sint.
1546 2148 1656 2192 Nam
1693 2147 1826 2191 etiam

33 2259 42 2286 Ξ
125 2227 324 2283 Gorgias
355 2231 447 2272 tum
477 2232 677 2271 mortuus
708 2232 820 2280 erat,
853 2238 948 2270 cum
979 2227 1199 2269 Isocrates
1229 2223 1439 2267 Helenam
1470 2220 1663 2276 scripsit,
1698 2231 1826 2274 quam

125 2298 373 2344 orationem
421 2303 582 2343 contra
623 2298 937 2343 Anaximenem
983 2297 1103 2340 circa
1147 2307 1308 2340 annum
1354 2294 1454 2347 366,
1500 2304 1586 2347 quo
1631 2298 1827 2345 tempore

28 2409 46 2425 ,
125 2369 340 2427 Gorgiam
352 2371 438 2415 iam
452 2372 610 2415 dudum
622 2375 840 2414 mortuum
853 2369 987 2413 fuisse
999 2369 1116 2412 inter
1127 2379 1277 2412 omues
1287 2370 1466 2409 constat
1477 2364 1627 2417 (Blass
1641 2364 1656 2406 1
1670 2363 1724 2406 47
1737 2361 1828 2416 sq.)

29 2450 53 2495 23
126 2443 415 2498 compositam
453 2454 550 2487 esse
586 2442 739 2496 Zycha
775 2439 996 2493 (anerk.
1036 2453 1091 2481 en
1128 2438 1210 2480 «len
1252 2435 1449 2491 Auspiel.
1489 2449 1531 2479 u.
1573 2431 1746 2476 Bezieh.
1780 2431 1829 2474 in

126 2513 169 2559 d.
202 2512 344 2558 XIII.
383 2528 427 2556 u.
468 2512 585 2556 XIV.
619 2512 741 2555 Rode
772 2511 848 2554 des
887 2510 1113 2562 Isocrates,
1155 2509 1222 2552 16.
1255 2506 1503 2550 Jahresber.
1542 2505 1583 2547 d.
1621 2502 1829 2559 Leopold·

124 2584 259 2630 stadt.
291 2584 467 2641 Gymn„
502 2584 620 2627 Wien
653 2585 789 2631 1881)
819 2590 865 2628 et
899 2582 994 2626 Keil
1028 2580 1172 2625 (Aual.
1200 2580 1383 2623 Isocrat.
1408 2576 1527 2632 Lips.
1556 2576 1680 2628 1885,
1717 2587 1758 2630 p.
1780 2574 1829 2628 8)

35 2648 53 2671 '⁵
127 2662 288 2703 contra
318 2657 538 2702 Blassium
572 2656 635 2712 (11
670 2656 756 2699 242
787 2656 872 2709 sq)
906 2653 1127 2708 probarer
1130 2656 1222 2695 unt

246 2729 490 2774 Isocratem
536 2727 578 2771 in
624 2725 903 2771 orationibus
949 2721 1278 2767 conscribendis
1325 2732 1411 2764 non
1459 2718 1596 2763 solum
1644 2688 1830 2771 singulis

35 2791 71 2858 ῗῇὲζ
128 2800 378 2855 sententiis,
424 2812 536 2855 quas
579 2805 715 2843 antea
760 2796 954 2851 scripsit
999 2795 1075 2837 sed
1120 2794 1252 2837 etiam
1299 2790 1538 2835 maioribus
1582 2788 1829 2833 orationum

39 2861 63 2910 s*
127 2873 324 2928 priorum
361 2871 567 2927 partibus
605 2883 726 2914 usum
767 2881 864 2913 esse
905 2870 1097 2917 constat,
1138 2863 1263 2908 velut
1297 2862 1380 2907 XV
1419 2862 1489 2915 59,
1529 2860 1599 2913 66,
1641 2860 1711 2911 73,
1747 2859 1830 2902 194

130 2949 284 3000 partes
310 2956 364 2989 ex
398 2942 675 2987 orationibus
704 2941 778 2994 lv,
810 2939 931 2991 vm,
956 2937 1012 2991 11,
1037 2935 1140 2980 x111
1173 2935 1356 2979 nauem
1389 2931 1616 2988 repetivit.
1680 2929 1831 2984 Neque
