2080 3424
1053 319 1109 362 38

235 463 361 506 modo
400 474 423 505 e
461 462 590 515 pleno
631 465 676 504 et
717 461 837 504 laeto
868 459 1071 503 Platonis
1104 471 1267 514 genere
1299 458 1474 503 dicendi
1506 471 1617 512 eque
1649 470 1821 502 summo
1845 458 1940 503 eius

235 535 410 589 ingenio
444 533 569 576 huius
600 532 788 575 rationis
821 543 956 574 causa
988 533 1232 585 repetenda
1263 534 1345 584 est,
1379 531 1457 574 sed
1489 529 1623 575 etiam
1645 542 1700 574 ex
1723 542 1790 584 eo,
1822 530 1941 584 quod

235 606 382 659 Plato,
398 617 492 648 cum
506 608 712 648 auctores
730 602 921 657 adferat,
941 615 1027 646 non
1044 608 1135 646 tam
1153 611 1312 646 contra
1327 615 1400 646 res
1417 614 1548 656 quam
1562 605 1721 645 contra
1733 604 1943 656 auctores

235 678 320 720 sibi
357 676 675 719 inimicissimos
712 679 896 729 pugnat,
935 674 981 717 id
1020 676 1138 728 quod
1179 674 1405 718 Isocrates
1442 675 1487 717 in
1526 673 1804 717 orationibus
1841 685 1941 718 con·
2008 700 2015 706 ·

235 748 477 792 scribendis
506 747 593 790 sibi
614 759 702 790 non
723 747 864 789 miuus
887 747 1132 800 proposuit.
1196 747 1305 789 Nam
1327 750 1378 789 ut
1399 745 1682 789 multitudine
1702 744 1940 789 verborum

235 820 555 874 supersedeam,
584 821 757 861 tantum
780 818 863 861 hoc
884 819 995 872 dico,
1018 818 1252 861 Platonem
1281 830 1377 861 cum
1399 815 1653 871 Megaricis,
1678 827 1942 870 quamquam

235 905 287 934 ne
325 892 388 934 eis
420 891 592 944 quidem
625 888 884 943 assentitur,
919 889 1176 933 clementius
1199 901 1348 944 agere.
1410 888 1506 932 Hos
1538 889 1651 932 enim
1673 887 1741 931 De
1762 899 1854 942 rep.
1877 886 1942 931 VI

237 962 366 1006 505ss
405 963 535 1017 (ἀλλὰ
573 964 651 1019 μὴν
688 964 759 1004 καὶ
790 962 884 1005 τάδε
915 976 964 1018 γε
995 961 1137 1016 οἶσθα,
1169 963 1231 1005 ὅτι
1260 969 1344 1013 τοῖς
1376 963 1449 1018 μὲν
1480 961 1650 1012 πολλοῖς
1669 961 1796 1018 ἡδονὴ
1827 960 1944 1004 δοκεῖ

235 1035 334 1078 εἶναι
363 1036 410 1077 τὸ
441 1035 620 1090 ἀγαθόν,
654 1039 740 1085 τοῖς
771 1035 816 1077 δὲ
843 1034 1112 1092 κομψοτέροις
1134 1033 1358 1091 φρόνησις.)
1408 1033 1693 1090 κομψοτέρους
1713 1044 1810 1076 esse
1832 1031 1942 1075 dicit

235 1105 400 1159 (Zeller
432 1103 515 1146 Ph.
550 1104 590 1146 cl.
624 1103 702 1146 Gr.
736 1104 781 1147 ΙΙ
817 1104 878 1158 14,
912 1104 1081 1159 260‚1).
1146 1103 1290 1160 Quid?
1324 1103 1451 1159 Quod
1481 1102 1615 1147 Plato
1648 1103 1782 1158 Soph.
1805 1103 1939 1147 248A

235 1176 301 1219 his
334 1175 483 1220 verbis
516 1189 639 1219 usus:
675 1177 787 1234 Πρὸς
819 1178 868 1233 δὴ
899 1179 995 1229 τοὺς
1025 1177 1185 1234 ἑτέρους
1216 1179 1354 1233 ἴωμεν,
1391 1178 1486 1228 τοὺς
1517 1183 1600 1220 τῶν
1632 1177 1752 1220 εἰδῶν
1782 1174 1941 1232 φίλους·

234 1251 284 1291 σὺ
321 1246 357 1291 δ’
376 1249 471 1305 ἡμῖν
502 1251 573 1291 καὶ
606 1251 658 1292 τὰ
682 1251 795 1306 παρὰ
835 1249 990 1292 τούτων
1033 1249 1302 1305 ἀφερμήνευε.
1324 1247 1432 1302 κτλ,
1471 1259 1519 1290 se
1549 1248 1645 1300 ipse
1682 1246 1852 1300 laudat,
1891 1250 1943 1289 ut

235 1320 338 1372 quid
376 1324 510 1363 autea
547 1321 600 1362 de
638 1319 749 1362 ideis
788 1321 1001 1373 docuerit,
1042 1320 1263 1374 corrigat!
1303 1319 1487 1373 (Hirzel,
1523 1317 1679 1361 Herm.
1701 1317 1812 1362 VIII
1837 1317 1941 1372 1283

235 1391 568 1445 Dittenberger,
600 1389 755 1432 Herm.
779 1391 887 1434 XVI
910 1390 1031 1446 343).

352 1461 474 1517 Quae
508 1463 651 1506 omnia
690 1475 785 1506 cum
818 1464 883 1506 ita
915 1463 1018 1516 sint,
1052 1464 1220 1518 gradus
1259 1466 1303 1506 et
1337 1461 1465 1516 quasi
1497 1474 1732 1516 processus
1763 1461 1942 1515 quidam

236 1533 421 1576 rationis
459 1537 578 1577 tecte
609 1533 949 1578 adferendorum
982 1537 1225 1588 auctorum,
1260 1546 1348 1588 qua
1380 1534 1623 1588 scriptores
1656 1531 1820 1577 Graeci
1851 1536 1942 1576 ute-

236 1605 411 1658 bantur,
435 1604 769 1660 intelleguntur.
831 1606 919 1649 Pro
943 1618 1153 1659 processu
1175 1605 1288 1649 enim
1311 1606 1489 1660 generis
1511 1604 1736 1649 scribendi
1756 1604 1943 1659 simplex

236 1677 452 1719 Herodoti
513 1678 631 1720 ratio
699 1679 743 1720 in
795 1677 999 1734 Platonis
1061 1682 1107 1721 et
1159 1678 1372 1721 Isocratis
1425 1677 1606 1731 scriptis
1657 1675 1943 1720 artificiosior

236 1748 297 1791 fit.
376 1749 558 1791 Maioris
606 1752 754 1792 autem
802 1749 1012 1792 momenti
1059 1754 1152 1804 est,
1200 1750 1317 1803 quod
1365 1750 1423 1791 ad
1469 1748 1689 1792 rationem
1734 1751 1942 1792 auctores

236 1819 465 1863 adferendi
503 1820 768 1875 simultates,
809 1833 921 1874 quae
959 1820 1094 1864 alteri
1132 1822 1308 1864 auctori
1340 1833 1436 1864 cum
1468 1820 1613 1864 altero
1644 1819 1943 1873 intercedunt,

236 1891 375 1945 magis
408 1895 542 1945 atque
574 1893 715 1946 magis
748 1892 987 1946 pertinent.

354 1962 444 2005 Iam
479 1975 584 2006 vero
627 1964 825 2007 omnibus
866 1964 933 2007 his
971 1964 1081 2007 locis
1119 1964 1328 2018 aequales
1360 1963 1529 2007 adferri
1560 1965 1706 2007 animo
1737 1965 1945 2018 reputan-

238 2038 304 2076 tes
332 2047 417 2077 non
447 2035 713 2090 dubitamus,
747 2037 853 2089 quin
875 2040 925 2079 ut
947 2037 1086 2079 ceteri
1117 2036 1361 2089 scriptores
1393 2036 1460 2079 ita
1479 2035 1612 2079 Plato
1645 2039 1691 2079 et
1711 2035 1938 2079 Isocrates

237 2118 331 2148 cum
363 2108 489 2149 modo
522 2109 663 2163 magis
704 2109 831 2151 modo
863 2109 1004 2151 minus
1036 2112 1195 2152 contra
1225 2111 1433 2152 auctores
1465 2108 1643 2151 adlatos
1675 2111 1942 2162 pugnarent,

238 2177 438 2220 commoti
471 2178 575 2233 sint,
609 2184 658 2222 ut
681 2192 830 2223 eorum
863 2181 1039 2223 nomina
1072 2183 1288 2223 tacerent.
1351 2179 1491 2234 quue
1523 2179 1721 2233 exemplo
1754 2178 1944 2232 quodam

238 2262 259 2292 e
282 2250 482 2293 Platonis
505 2251 641 2303 ipsius
673 2252 852 2305 scriptis
881 2252 1024 2305 petito
1052 2250 1360 2295 affirmandum
1391 2255 1473 2295 est.
1538 2251 1635 2307 Quo
1667 2249 1781 2294 enim
1813 2250 1942 2293 modo

238 2320 463 2364 inimicitia
496 2328 593 2364 orta
625 2335 677 2365 ex
710 2322 907 2365 amicitia
939 2335 1083 2367 secum
1115 2322 1247 2378 ferat,
1286 2327 1336 2366 ut
1377 2324 1543 2366 amicus
1585 2322 1720 2366 aliter
1750 2320 1943 2376 appelle-

238 2396 311 2434 tur
357 2398 491 2446 atque
538 2392 748 2447 inimicus,
803 2395 934 2448 ratio,
983 2406 1096 2448 quae
1143 2399 1212 2438 est
1257 2395 1376 2438 inter
1419 2394 1650 2438 Platonem
1698 2397 1745 2437 et
1775 2393 1945 2436 Isocra·

240 2468 339 2515 tem,
387 2465 549 2517 optime
597 2466 739 2508 docet.
810 2466 942 2509 Cuius
989 2467 1178 2510 rationis
1224 2466 1413 2510 alteram
1459 2470 1631 2520 partem
1676 2478 1700 2509 e
1740 2464 1945 2508 Platonis

238 2533 452 2587 Phaedro,
499 2535 685 2578 alteram
735 2549 788 2580 ex
831 2537 1111 2592 Euthydemo
1158 2537 1463 2592 cognoscimus
1507 2537 1720 2592 (Spengel
1750 2549 1791 2591 p.
1822 2535 1942 2592 763).

244 2606 349 2647 Nam
394 2619 446 2649 ex
495 2606 612 2650 illius
661 2609 827 2662 dialogi
871 2613 1070 2652 extrema
1113 2612 1243 2663 parte
1282 2609 1513 2653 Platonem
1555 2609 1749 2653 Isocrati
1789 2609 1946 2652 intima

241 2676 542 2720 familiaritate
586 2683 676 2721 tum
722 2679 1000 2723 coniunctum
1043 2679 1181 2724 fuisse
1225 2680 1436 2736 colligere
1477 2680 1595 2725 licet.
1658 2680 1789 2724 Plato
1830 2679 1944 2724 enim

240 2748 419 2790 amicum
462 2762 583 2792 suum
629 2752 803 2794 summis
848 2751 1051 2795 laudibus
1093 2752 1270 2806 elatum,
1316 2752 1391 2806 qui
1435 2752 1693 2796 adulescens
1737 2751 1945 2808 generosi

241 2819 403 2871 ingenii
435 2820 505 2872 sit,
540 2827 584 2862 et
616 2820 659 2863 in
694 2821 972 2866 orationibus
1013 2823 1343 2867 conscribendis
1376 2828 1420 2867 et
1451 2823 1497 2867 in
1529 2824 1661 2867 rebus
1694 2822 1946 2868 excelsiori·

243 2888 334 2938 bus,
358 2902 468 2942 quae
491 2893 545 2933 ad
572 2892 890 2946 philosophiam
914 2894 1032 2937 illam
1057 2895 1252 2938 divinam
1280 2895 1550 2950 pertineant,
1583 2899 1736 2939 aetate
1766 2894 1945 2939 firmata

242 2960 437 3002 omnibus
487 2974 817 3014 praecursurum
867 2978 963 3009 esse
1004 2967 1291 3010 vaticinatur.
1359 2966 1506 3022 Quid?
1553 2966 1680 3022 Quod
1720 2967 1944 3011 Isocrates
