<?xml version="1.0" encoding="UTF-8"?>
<!DOCTYPE html PUBLIC "-//W3C//DTD XHTML 1.0 Transitional//EN"
    "http://www.w3.org/TR/xhtml1/DTD/xhtml1-transitional.dtd">
<html xmlns="http://www.w3.org/1999/xhtml" xml:lang="en" lang="en">
 <head>
  <title>
</title>
<meta http-equiv="Content-Type" content="text/html;charset=utf-8" />
  <meta name='ocr-system' content='tesseract 3.04.00' />
  <meta name='ocr-capabilities' content='ocr_page ocr_carea ocr_par ocr_line ocrx_word'/>
</head>
<body>
  <div class='ocr_page' id='page_1' title='image "./deveterumscripto00seipuoft_0020.png"; bbox 0 0 2080 3424; ppageno 0'>
   <div class='ocr_carea' id='block_1_1' title="bbox 1115 297 1167 339">
    <p class='ocr_par' dir='ltr' id='par_1_1' title="bbox 1115 297 1167 339">
     <span class='ocr_line' id='line_1_1' title="bbox 1115 297 1167 339; baseline -0.019 0"><span class='ocrx_word' id='word_1_1' title='bbox 1115 297 1167 339; x_wconf 81' lang='lat'><strong>12</strong></span> 
     </span>
    </p>
   </div>
   <div class='ocr_carea' id='block_1_2' title="bbox 995 357 1276 363">
    <p class='ocr_par' dir='ltr' id='par_1_2' title="bbox 995 357 1276 363">
     <span class='ocr_line' id='line_1_2' title="bbox 995 357 1276 363; baseline 0 0"><span class='ocrx_word' id='word_1_2' title='bbox 995 357 1276 363; x_wconf 95' lang='lat' dir='ltr'><strong> </strong></span> 
     </span>
    </p>
   </div>
   <div class='ocr_carea' id='block_1_3' title="bbox 280 436 1988 566">
    <p class='ocr_par' dir='ltr' id='par_1_3' title="bbox 280 436 1988 566">
     <span class='ocr_line' id='line_1_3' title="bbox 290 436 1988 495; baseline -0.003 -10"><span class='ocrx_word' id='word_1_3' title='bbox 290 441 388 495; x_wconf 90' lang='lat' dir='ltr'><strong>quis</strong></span> <span class='ocrx_word' id='word_1_4' title='bbox 419 441 527 484; x_wconf 86' lang='lat' dir='ltr'><strong>haec</strong></span> <span class='ocrx_word' id='word_1_5' title='bbox 560 440 698 484; x_wconf 89' lang='lat' dir='ltr'><strong>verba</strong></span> <span class='ocrx_word' id='word_1_6' title='bbox 730 451 825 482; x_wconf 90' lang='lat' dir='ltr'><strong>cum</strong></span> <span class='ocrx_word' id='word_1_7' title='bbox 857 439 934 492; x_wconf 89' lang='lat' dir='ltr'><strong>eis,</strong></span> <span class='ocrx_word' id='word_1_8' title='bbox 967 450 1080 492; x_wconf 89' lang='lat' dir='ltr'><strong>quae</strong></span> <span class='ocrx_word' id='word_1_9' title='bbox 1101 438 1258 482; x_wconf 82' lang='lat' dir='ltr'>Nauck</span> <span class='ocrx_word' id='word_1_10' title='bbox 1288 437 1438 493; x_wconf 86' lang='lat' dir='ltr'><strong>(frgm.</strong></span> <span class='ocrx_word' id='word_1_11' title='bbox 1466 438 1549 481; x_wconf 82' lang='lat'><strong>185</strong></span> <span class='ocrx_word' id='word_1_12' title='bbox 1579 437 1704 489; x_wconf 86' lang='lat' dir='ltr'><strong>Eur.)</strong></span> <span class='ocrx_word' id='word_1_13' title='bbox 1737 436 1988 491; x_wconf 78' lang='lat' dir='ltr'><strong>exscripsit,</strong></span> 
     </span>
     <span class='ocr_line' id='line_1_4' title="bbox 280 508 1973 566; baseline -0.003 -11"><span class='ocrx_word' id='word_1_14' title='bbox 280 513 589 566; x_wconf 82' lang='lat' dir='ltr'><strong>composuerit,</strong></span> <span class='ocrx_word' id='word_1_15' title='bbox 623 512 731 555; x_wconf 85' lang='lat' dir='ltr'><strong>haec</strong></span> <span class='ocrx_word' id='word_1_16' title='bbox 763 511 996 554; x_wconf 89' lang='lat' dir='ltr'><strong>immutata</strong></span> <span class='ocrx_word' id='word_1_17' title='bbox 1028 522 1125 553; x_wconf 90' lang='lat' dir='ltr'><strong>esse</strong></span> <span class='ocrx_word' id='word_1_18' title='bbox 1157 508 1342 553; x_wconf 85' lang='lat' dir='ltr'><strong>videbit.</strong></span> <span class='ocrx_word' id='word_1_19' title='bbox 1970 522 1973 526; x_wconf 91' lang='lat'>·</span> 
     </span>
    </p>
   </div>
   <div class='ocr_carea' id='block_1_4' title="bbox 277 603 1991 1940">
    <p class='ocr_par' dir='ltr' id='par_1_4' title="bbox 277 603 1991 1940">
     <span class='ocr_line' id='line_1_5' title="bbox 398 603 1987 664; baseline 0.001 -15"><span class='ocrx_word' id='word_1_20' title='bbox 398 607 505 650; x_wconf 86' lang='lat' dir='ltr'><strong>Post</strong></span> <span class='ocrx_word' id='word_1_21' title='bbox 549 609 714 664; x_wconf 81' lang='grc' dir='ltr'>ἀμελεῖς</span> <span class='ocrx_word' id='word_1_22' title='bbox 756 606 1025 660; x_wconf 88' lang='lat' dir='ltr'><strong>interposita</strong></span> <span class='ocrx_word' id='word_1_23' title='bbox 1069 609 1172 648; x_wconf 89' lang='lat' dir='ltr'><strong>sunt</strong></span> <span class='ocrx_word' id='word_1_24' title='bbox 1205 604 1238 648; x_wconf 85' lang='grc' dir='ltr'>ὦ</span> <span class='ocrx_word' id='word_1_25' title='bbox 1279 605 1512 662; x_wconf 80' lang='grc' dir='ltr'>Σώκρατες,</span> <span class='ocrx_word' id='word_1_26' title='bbox 1558 605 1612 647; x_wconf 90' lang='lat' dir='ltr'><strong>de</strong></span> <span class='ocrx_word' id='word_1_27' title='bbox 1656 616 1743 658; x_wconf 92' lang='lat' dir='ltr'><strong>quo</strong></span> <span class='ocrx_word' id='word_1_28' title='bbox 1779 603 1987 650; x_wconf 83' lang='lat' dir='ltr'><strong>Callicles</strong></span> 
     </span>
     <span class='ocr_line' id='line_1_6' title="bbox 286 676 1991 736; baseline -0.001 -16"><span class='ocrx_word' id='word_1_29' title='bbox 286 678 393 721; x_wconf 86' lang='lat' dir='ltr'><strong>haec</strong></span> <span class='ocrx_word' id='word_1_30' title='bbox 440 678 579 721; x_wconf 89' lang='lat' dir='ltr'><strong>verba</strong></span> <span class='ocrx_word' id='word_1_31' title='bbox 619 677 739 721; x_wconf 87' lang='lat' dir='ltr'><strong>dicit.</strong></span> <span class='ocrx_word' id='word_1_32' title='bbox 803 677 974 721; x_wconf 82' lang='lat' dir='ltr'><strong>Deinde</strong></span> <span class='ocrx_word' id='word_1_33' title='bbox 1010 677 1150 722; x_wconf 86' lang='lat' dir='ltr'><strong>verba</strong></span> <span class='ocrx_word' id='word_1_34' title='bbox 1187 679 1347 731; x_wconf 88' lang='lat' dir='ltr'><strong>poetae</strong></span> <span class='ocrx_word' id='word_1_35' title='bbox 1378 679 1666 720; x_wconf 87' lang='lat' dir='ltr'><strong>transmutat.</strong></span> <span class='ocrx_word' id='word_1_36' title='bbox 1726 676 1818 720; x_wconf 88' lang='lat' dir='ltr'><strong>Pro</strong></span> <span class='ocrx_word' id='word_1_37' title='bbox 1855 678 1991 736; x_wconf 77' lang='grc' dir='ltr'>ψυχῆς</span> 
     </span>
     <span class='ocr_line' id='line_1_7' title="bbox 283 746 1987 807; baseline 0.001 -16"><span class='ocrx_word' id='word_1_38' title='bbox 283 750 403 806; x_wconf 80' lang='grc' dir='ltr'>φύσιν</span> <span class='ocrx_word' id='word_1_39' title='bbox 436 748 546 807; x_wconf 82' lang='grc' dir='ltr'>[γὰρ]</span> <span class='ocrx_word' id='word_1_40' title='bbox 571 748 650 792; x_wconf 86' lang='grc' dir='ltr'>ὦδε</span> <span class='ocrx_word' id='word_1_41' title='bbox 681 750 870 806; x_wconf 81' lang='grc' dir='ltr'>γενναίαν</span> <span class='ocrx_word' id='word_1_42' title='bbox 902 749 1010 791; x_wconf 87' lang='lat' dir='ltr'><strong>dicit</strong></span> <span class='ocrx_word' id='word_1_43' title='bbox 1047 749 1167 806; x_wconf 81' lang='grc' dir='ltr'>φύσιν</span> <span class='ocrx_word' id='word_1_44' title='bbox 1211 750 1347 806; x_wconf 82' lang='grc' dir='ltr'>ψυχῆς</span> <span class='ocrx_word' id='word_1_45' title='bbox 1390 746 1471 792; x_wconf 86' lang='grc' dir='ltr'>ὦδε</span> <span class='ocrx_word' id='word_1_46' title='bbox 1511 748 1701 805; x_wconf 79' lang='grc' dir='ltr'>γενναίαν</span> <span class='ocrx_word' id='word_1_47' title='bbox 1737 751 1874 802; x_wconf 83' lang='lat' dir='ltr'><strong>atque</strong></span> <span class='ocrx_word' id='word_1_48' title='bbox 1905 761 1987 804; x_wconf 87' lang='lat' dir='ltr'><strong>pro</strong></span> 
     </span>
     <span class='ocr_line' id='line_1_8' title="bbox 279 813 1986 877; baseline 0.001 -14"><span class='ocrx_word' id='word_1_49' title='bbox 279 818 366 863; x_wconf 86' lang='grc' dir='ltr'>οὔτ’</span> <span class='ocrx_word' id='word_1_50' title='bbox 386 819 525 864; x_wconf 85' lang='grc' dir='ltr'>ἄλλων</span> <span class='ocrx_word' id='word_1_51' title='bbox 557 823 658 877; x_wconf 82' lang='grc' dir='ltr'>ὕπερ</span> <span class='ocrx_word' id='word_1_52' title='bbox 690 819 816 873; x_wconf 87' lang='lat' dir='ltr'><strong>ponit</strong></span> <span class='ocrx_word' id='word_1_53' title='bbox 847 817 944 864; x_wconf 76' lang='grc' dir='ltr'>οὔθ’</span> <span class='ocrx_word' id='word_1_54' title='bbox 964 821 1067 877; x_wconf 84' lang='grc' dir='ltr'>ὑπὲρ</span> <span class='ocrx_word' id='word_1_55' title='bbox 1098 820 1241 863; x_wconf 83' lang='grc' dir='ltr'>ἄλλου.</span> <span class='ocrx_word' id='word_1_56' title='bbox 1304 819 1540 862; x_wconf 86' lang='lat' dir='ltr'><strong>Maximum</strong></span> <span class='ocrx_word' id='word_1_57' title='bbox 1573 822 1720 861; x_wconf 88' lang='lat' dir='ltr'><strong>autem</strong></span> <span class='ocrx_word' id='word_1_58' title='bbox 1753 822 1835 874; x_wconf 84' lang='lat' dir='ltr'><strong>est,</strong></span> <span class='ocrx_word' id='word_1_59' title='bbox 1869 813 1986 874; x_wconf 80' lang='lat' dir='ltr'><strong>quod</strong></span> 
     </span>
     <span class='ocr_line' id='line_1_9' title="bbox 281 889 1984 949; baseline 0.001 -16"><span class='ocrx_word' id='word_1_60' title='bbox 281 892 418 934; x_wconf 81' lang='lat' dir='ltr'><strong>verba</strong></span> <span class='ocrx_word' id='word_1_61' title='bbox 465 893 679 944; x_wconf 86' lang='lat' dir='ltr'><strong>quaedam</strong></span> <span class='ocrx_word' id='word_1_62' title='bbox 727 894 980 934; x_wconf 82' lang='lat' dir='ltr'><strong>commutat.</strong></span> <span class='ocrx_word' id='word_1_63' title='bbox 1042 890 1130 934; x_wconf 90' lang='lat' dir='ltr'><strong>Pro</strong></span> <span class='ocrx_word' id='word_1_64' title='bbox 1175 890 1232 935; x_wconf 85' lang='grc' dir='ltr'><strong>ὧν</strong></span> <span class='ocrx_word' id='word_1_65' title='bbox 1276 890 1338 946; x_wconf 90' lang='grc' dir='ltr'>[σε</span> <span class='ocrx_word' id='word_1_66' title='bbox 1382 891 1607 948; x_wconf 82' lang='grc' dir='ltr'>φροντίζειν</span> <span class='ocrx_word' id='word_1_67' title='bbox 1643 889 1784 949; x_wconf 84' lang='grc' dir='ltr'>ἐχρῆν]</span> <span class='ocrx_word' id='word_1_68' title='bbox 1831 891 1984 943; x_wconf 84' lang='lat' dir='ltr'><strong>verba,</strong></span> 
     </span>
     <span class='ocr_line' id='line_1_10' title="bbox 280 961 1987 1021; baseline 0.002 -17"><span class='ocrx_word' id='word_1_69' title='bbox 280 974 391 1015; x_wconf 90' lang='lat' dir='ltr'><strong>quae</strong></span> <span class='ocrx_word' id='word_1_70' title='bbox 423 975 602 1006; x_wconf 87' lang='lat' dir='ltr'><strong>numero</strong></span> <span class='ocrx_word' id='word_1_71' title='bbox 634 967 801 1017; x_wconf 82' lang='lat' dir='ltr'><strong>carent,</strong></span> <span class='ocrx_word' id='word_1_72' title='bbox 837 963 964 1006; x_wconf 85' lang='lat' dir='ltr'><strong>dicit:</strong></span> <span class='ocrx_word' id='word_1_73' title='bbox 1009 962 1066 1007; x_wconf 88' lang='grc' dir='ltr'><strong>ὧν</strong></span> <span class='ocrx_word' id='word_1_74' title='bbox 1098 964 1158 1006; x_wconf 88' lang='grc' dir='ltr'><strong>δεῖ</strong></span> <span class='ocrx_word' id='word_1_75' title='bbox 1197 978 1244 1006; x_wconf 91' lang='grc' dir='ltr'>σε</span> <span class='ocrx_word' id='word_1_76' title='bbox 1287 963 1585 1020; x_wconf 79' lang='grc' dir='ltr'>ἐπιμελεῖσθαι.</span> <span class='ocrx_word' id='word_1_77' title='bbox 1646 961 1819 1006; x_wconf 83' lang='lat' dir='ltr'><strong>Deinde</strong></span> <span class='ocrx_word' id='word_1_78' title='bbox 1848 978 1987 1021; x_wconf 84' lang='grc' dir='ltr'>γυναι·</span> 
     </span>
     <span class='ocr_line' id='line_1_11' title="bbox 280 1034 1986 1093; baseline 0.001 -16"><span class='ocrx_word' id='word_1_79' title='bbox 280 1035 441 1091; x_wconf 82' lang='grc' dir='ltr'>κομίμῳ</span> <span class='ocrx_word' id='word_1_80' title='bbox 482 1038 775 1077; x_wconf 85' lang='lat' dir='ltr'><strong>commutatur</strong></span> <span class='ocrx_word' id='word_1_81' title='bbox 814 1047 909 1077; x_wconf 90' lang='lat' dir='ltr'><strong>cum</strong></span> <span class='ocrx_word' id='word_1_82' title='bbox 948 1035 1207 1093; x_wconf 81' lang='grc' dir='ltr'>μειρακιώδει</span> <span class='ocrx_word' id='word_1_83' title='bbox 1238 1039 1283 1078; x_wconf 86' lang='lat' dir='ltr'><strong>et</strong></span> <span class='ocrx_word' id='word_1_84' title='bbox 1315 1047 1411 1077; x_wconf 93' lang='lat' dir='ltr'><strong>cum</strong></span> <span class='ocrx_word' id='word_1_85' title='bbox 1449 1034 1600 1078; x_wconf 87' lang='lat' dir='ltr'><strong>verbis</strong></span> <span class='ocrx_word' id='word_1_86' title='bbox 1632 1046 1784 1077; x_wconf 90' lang='lat' dir='ltr'><strong>vocem</strong></span> <span class='ocrx_word' id='word_1_87' title='bbox 1822 1035 1986 1093; x_wconf 83' lang='grc' dir='ltr'>μορφώ-</span> 
     </span>
     <span class='ocr_line' id='line_1_12' title="bbox 278 1105 1986 1161; baseline 0.001 -13"><span class='ocrx_word' id='word_1_88' title='bbox 278 1120 372 1161; x_wconf 79' lang='grc' dir='ltr'>ματι</span> <span class='ocrx_word' id='word_1_89' title='bbox 404 1105 691 1159; x_wconf 84' lang='lat' dir='ltr'><strong>sequentibus</strong></span> <span class='ocrx_word' id='word_1_90' title='bbox 724 1118 789 1160; x_wconf 89' lang='lat' dir='ltr'><strong>ea,</strong></span> <span class='ocrx_word' id='word_1_91' title='bbox 824 1118 938 1160; x_wconf 87' lang='lat' dir='ltr'><strong>quae</strong></span> <span class='ocrx_word' id='word_1_92' title='bbox 970 1118 1064 1149; x_wconf 89' lang='lat' dir='ltr'><strong>cum</strong></span> <span class='ocrx_word' id='word_1_93' title='bbox 1087 1107 1167 1159; x_wconf 90' lang='lat' dir='ltr'><strong>eis,</strong></span> <span class='ocrx_word' id='word_1_94' title='bbox 1200 1118 1313 1159; x_wconf 87' lang='lat' dir='ltr'><strong>quae</strong></span> <span class='ocrx_word' id='word_1_95' title='bbox 1336 1105 1572 1160; x_wconf 82' lang='lat' dir='ltr'><strong>Euripides</strong></span> <span class='ocrx_word' id='word_1_96' title='bbox 1594 1106 1788 1160; x_wconf 80' lang='lat' dir='ltr'><strong>scripsit,</strong></span> <span class='ocrx_word' id='word_1_97' title='bbox 1821 1105 1986 1150; x_wconf 86' lang='lat' dir='ltr'><strong>dissen-</strong></span> 
     </span>
     <span class='ocr_line' id='line_1_13' title="bbox 279 1175 1986 1236; baseline 0.003 -19"><span class='ocrx_word' id='word_1_98' title='bbox 279 1175 408 1219; x_wconf 88' lang='lat' dir='ltr'><strong>tiunt.</strong></span> <span class='ocrx_word' id='word_1_99' title='bbox 471 1178 580 1220; x_wconf 89' lang='lat' dir='ltr'><strong>Tum</strong></span> <span class='ocrx_word' id='word_1_100' title='bbox 625 1177 843 1232; x_wconf 86' lang='lat' dir='ltr'><strong>Callicles,</strong></span> <span class='ocrx_word' id='word_1_101' title='bbox 891 1190 987 1221; x_wconf 92' lang='lat' dir='ltr'><strong>cum</strong></span> <span class='ocrx_word' id='word_1_102' title='bbox 1036 1178 1158 1221; x_wconf 90' lang='lat' dir='ltr'><strong>dicat</strong></span> <span class='ocrx_word' id='word_1_103' title='bbox 1203 1178 1275 1221; x_wconf 79' lang='grc' dir='ltr'><strong>καὶ</strong></span> <span class='ocrx_word' id='word_1_104' title='bbox 1321 1178 1442 1235; x_wconf 77' lang='grc' dir='ltr'>φύσιν</span> <span class='ocrx_word' id='word_1_105' title='bbox 1488 1179 1622 1236; x_wconf 84' lang='grc' dir='ltr'>ψυχῆς</span> <span class='ocrx_word' id='word_1_106' title='bbox 1669 1176 1750 1222; x_wconf 87' lang='grc' dir='ltr'>ὧδε</span> <span class='ocrx_word' id='word_1_107' title='bbox 1795 1178 1986 1235; x_wconf 83' lang='grc' dir='ltr'>γενναίαν</span> 
     </span>
     <span class='ocr_line' id='line_1_14' title="bbox 279 1249 1985 1307; baseline 0.001 -16"><span class='ocrx_word' id='word_1_108' title='bbox 279 1249 535 1305; x_wconf 80' lang='grc' dir='ltr'>μειρακιώδει</span> <span class='ocrx_word' id='word_1_109' title='bbox 571 1251 646 1293; x_wconf 82' lang='grc' dir='ltr'>τινὶ</span> <span class='ocrx_word' id='word_1_110' title='bbox 683 1250 916 1307; x_wconf 80' lang='grc' dir='ltr'>διαπρέπεις</span> <span class='ocrx_word' id='word_1_111' title='bbox 948 1249 1202 1306; x_wconf 80' lang='grc' dir='ltr'>μορφώματι,</span> <span class='ocrx_word' id='word_1_112' title='bbox 1243 1251 1513 1291; x_wconf 81' lang='lat' dir='ltr'><strong>structuram</strong></span> <span class='ocrx_word' id='word_1_113' title='bbox 1547 1249 1783 1292; x_wconf 82' lang='lat' dir='ltr'><strong>verborum</strong></span> <span class='ocrx_word' id='word_1_114' title='bbox 1813 1249 1985 1303; x_wconf 85' lang='lat' dir='ltr'><strong>Euripi-</strong></span> 
     </span>
     <span class='ocr_line' id='line_1_15' title="bbox 278 1319 1984 1378; baseline 0.002 -17"><span class='ocrx_word' id='word_1_115' title='bbox 278 1319 454 1362; x_wconf 86' lang='lat' dir='ltr'><strong>deorum</strong></span> <span class='ocrx_word' id='word_1_116' title='bbox 489 1324 739 1363; x_wconf 83' lang='lat' dir='ltr'><strong>commutat.</strong></span> <span class='ocrx_word' id='word_1_117' title='bbox 794 1321 917 1363; x_wconf 90' lang='lat' dir='ltr'><strong>Haec</strong></span> <span class='ocrx_word' id='word_1_118' title='bbox 944 1320 1057 1363; x_wconf 92' lang='lat' dir='ltr'><strong>enim</strong></span> <span class='ocrx_word' id='word_1_119' title='bbox 1084 1320 1161 1363; x_wconf 89' lang='lat' dir='ltr'><strong>illo</strong></span> <span class='ocrx_word' id='word_1_120' title='bbox 1188 1323 1268 1378; x_wconf 83' lang='grc' dir='ltr'><strong>γὰρ</strong></span> <span class='ocrx_word' id='word_1_121' title='bbox 1296 1332 1390 1363; x_wconf 86' lang='grc'><strong>011111</strong></span> <span class='ocrx_word' id='word_1_122' title='bbox 1413 1320 1727 1364; x_wconf 89' lang='lat' dir='ltr'><strong>anteeuntibus</strong></span> <span class='ocrx_word' id='word_1_123' title='bbox 1749 1321 1984 1364; x_wconf 88' lang='lat' dir='ltr'><strong>coniuncta</strong></span> 
     </span>
     <span class='ocr_line' id='line_1_16' title="bbox 278 1390 1982 1450; baseline 0.004 -19"><span class='ocrx_word' id='word_1_124' title='bbox 278 1391 341 1432; x_wconf 87' lang='lat' dir='ltr'><strong>sic</strong></span> <span class='ocrx_word' id='word_1_125' title='bbox 372 1390 562 1444; x_wconf 86' lang='lat' dir='ltr'><strong>legenda</strong></span> <span class='ocrx_word' id='word_1_126' title='bbox 599 1404 696 1434; x_wconf 87' lang='lat' dir='ltr'><strong>esse</strong></span> <span class='ocrx_word' id='word_1_127' title='bbox 734 1391 962 1435; x_wconf 89' lang='lat' dir='ltr'><strong>videntur:</strong></span> <span class='ocrx_word' id='word_1_128' title='bbox 1005 1393 1140 1450; x_wconf 83' lang='grc' dir='ltr'><strong>ψυχῆς</strong></span> <span class='ocrx_word' id='word_1_129' title='bbox 1171 1393 1292 1448; x_wconf 83' lang='grc' dir='ltr'>φύσιν</span> <span class='ocrx_word' id='word_1_130' title='bbox 1324 1391 1432 1449; x_wconf 87' lang='grc' dir='ltr'>[γὰρ]</span> <span class='ocrx_word' id='word_1_131' title='bbox 1472 1391 1553 1435; x_wconf 83' lang='grc' dir='ltr'>ὧδε</span> <span class='ocrx_word' id='word_1_132' title='bbox 1583 1392 1773 1448; x_wconf 84' lang='grc' dir='ltr'>γενναίαν</span> <span class='ocrx_word' id='word_1_133' title='bbox 1811 1391 1982 1449; x_wconf 83' lang='grc' dir='ltr'>[λαχὼν]</span> 
     </span>
     <span class='ocr_line' id='line_1_17' title="bbox 277 1461 1984 1520; baseline 0.002 -16"><span class='ocrx_word' id='word_1_134' title='bbox 277 1463 558 1519; x_wconf 81' lang='grc' dir='ltr'>γυναικομίμῳ</span> <span class='ocrx_word' id='word_1_135' title='bbox 602 1463 838 1520; x_wconf 82' lang='grc' dir='ltr'>διαπρέπεις</span> <span class='ocrx_word' id='word_1_136' title='bbox 884 1463 1139 1520; x_wconf 83' lang='grc' dir='ltr'>μορφώματι.</span> <span class='ocrx_word' id='word_1_137' title='bbox 1202 1463 1321 1506; x_wconf 84' lang='lat' dir='ltr'><strong>Idem</strong></span> <span class='ocrx_word' id='word_1_138' title='bbox 1370 1462 1544 1516; x_wconf 87' lang='lat' dir='ltr'><strong>planius</strong></span> <span class='ocrx_word' id='word_1_139' title='bbox 1592 1466 1661 1506; x_wconf 86' lang='lat' dir='ltr'><strong>est</strong></span> <span class='ocrx_word' id='word_1_140' title='bbox 1706 1462 1794 1507; x_wconf 89' lang='lat'><strong>486</strong></span> <span class='ocrx_word' id='word_1_141' title='bbox 1814 1461 1866 1506; x_wconf 85' lang='lat' dir='ltr'><strong>C:</strong></span> <span class='ocrx_word' id='word_1_142' title='bbox 1913 1466 1984 1507; x_wconf 81' lang='grc' dir='ltr'><strong>καί</strong></span> 
     </span>
     <span class='ocr_line' id='line_1_18' title="bbox 277 1534 1984 1591; baseline 0.002 -16"><span class='ocrx_word' id='word_1_143' title='bbox 277 1535 396 1576; x_wconf 75' lang='grc' dir='ltr'>ἄσκει</span> <span class='ocrx_word' id='word_1_144' title='bbox 428 1535 585 1577; x_wconf 78' lang='grc' dir='ltr'><strong>ὁπόθεν</strong></span> <span class='ocrx_word' id='word_1_145' title='bbox 616 1534 744 1587; x_wconf 79' lang='grc' dir='ltr'>δόξεις</span> <span class='ocrx_word' id='word_1_146' title='bbox 776 1542 950 1591; x_wconf 85' lang='grc' dir='ltr'><strong>φρονεῖν.</strong></span> <span class='ocrx_word' id='word_1_147' title='bbox 1013 1534 1123 1576; x_wconf 93' lang='lat' dir='ltr'><strong>Nam</strong></span> <span class='ocrx_word' id='word_1_148' title='bbox 1141 1534 1367 1588; x_wconf 85' lang='lat' dir='ltr'><strong>Euripidis</strong></span> <span class='ocrx_word' id='word_1_149' title='bbox 1401 1535 1553 1587; x_wconf 89' lang='lat' dir='ltr'><strong>verba,</strong></span> <span class='ocrx_word' id='word_1_150' title='bbox 1588 1545 1643 1577; x_wconf 74' lang='lat' dir='ltr'><strong>ex</strong></span> <span class='ocrx_word' id='word_1_151' title='bbox 1664 1534 1824 1588; x_wconf 89' lang='lat' dir='ltr'><strong>quibus</strong></span> <span class='ocrx_word' id='word_1_152' title='bbox 1856 1535 1984 1588; x_wconf 80' lang='grc' dir='ltr'>δόξεις</span> 
     </span>
     <span class='ocr_line' id='line_1_19' title="bbox 277 1603 1983 1661; baseline 0.002 -15"><span class='ocrx_word' id='word_1_153' title='bbox 277 1612 438 1660; x_wconf 81' lang='grc' dir='ltr'>φρονεῖν</span> <span class='ocrx_word' id='word_1_154' title='bbox 475 1604 625 1659; x_wconf 84' lang='lat' dir='ltr'><strong>(frgm.</strong></span> <span class='ocrx_word' id='word_1_155' title='bbox 654 1606 755 1658; x_wconf 89' lang='lat'>188)</span> <span class='ocrx_word' id='word_1_156' title='bbox 793 1618 878 1648; x_wconf 92' lang='lat' dir='ltr'><strong>non</strong></span> <span class='ocrx_word' id='word_1_157' title='bbox 917 1606 1112 1659; x_wconf 86' lang='lat' dir='ltr'><strong>pendent</strong></span> <span class='ocrx_word' id='word_1_158' title='bbox 1144 1617 1197 1648; x_wconf 88' lang='lat' dir='ltr'><strong>ex</strong></span> <span class='ocrx_word' id='word_1_159' title='bbox 1235 1607 1359 1661; x_wconf 81' lang='grc' dir='ltr'>ἄειδε,</span> <span class='ocrx_word' id='word_1_160' title='bbox 1397 1608 1500 1648; x_wconf 88' lang='lat' dir='ltr'><strong>sunt</strong></span> <span class='ocrx_word' id='word_1_161' title='bbox 1533 1605 1660 1648; x_wconf 87' lang='lat' dir='ltr'><strong>haec:</strong></span> <span class='ocrx_word' id='word_1_162' title='bbox 1698 1603 1852 1650; x_wconf 80' lang='grc' dir='ltr'>τοιαῦτ’</span> <span class='ocrx_word' id='word_1_163' title='bbox 1873 1607 1983 1651; x_wconf 77' lang='grc' dir='ltr'>ἄειδε</span> 
     </span>
     <span class='ocr_line' id='line_1_20' title="bbox 278 1676 1983 1734; baseline 0.002 -17"><span class='ocrx_word' id='word_1_164' title='bbox 278 1677 347 1717; x_wconf 78' lang='grc' dir='ltr'><strong>καὶ</strong></span> <span class='ocrx_word' id='word_1_165' title='bbox 393 1676 520 1728; x_wconf 76' lang='grc' dir='ltr'>δόξεις</span> <span class='ocrx_word' id='word_1_166' title='bbox 557 1685 730 1734; x_wconf 83' lang='grc' dir='ltr'>φρονεῖν.</span> <span class='ocrx_word' id='word_1_167' title='bbox 793 1676 896 1720; x_wconf 88' lang='lat' dir='ltr'><strong>Alia</strong></span> <span class='ocrx_word' id='word_1_168' title='bbox 928 1677 1070 1720; x_wconf 86' lang='lat' dir='ltr'><strong>verba</strong></span> <span class='ocrx_word' id='word_1_169' title='bbox 1101 1681 1371 1720; x_wconf 89' lang='lat' dir='ltr'><strong>commutata</strong></span> <span class='ocrx_word' id='word_1_170' title='bbox 1404 1678 1600 1720; x_wconf 89' lang='lat' dir='ltr'><strong>videmus</strong></span> <span class='ocrx_word' id='word_1_171' title='bbox 1633 1677 1720 1720; x_wconf 89' lang='grc'><strong>486</strong></span> <span class='ocrx_word' id='word_1_172' title='bbox 1741 1676 1834 1721; x_wconf 83' lang='lat' dir='ltr'><strong>BC:</strong></span> <span class='ocrx_word' id='word_1_173' title='bbox 1867 1690 1983 1732; x_wconf 87' lang='lat' dir='ltr'><strong>quae</strong></span> 
     </span>
     <span class='ocr_line' id='line_1_21' title="bbox 278 1747 1983 1802; baseline 0.002 -13"><span class='ocrx_word' id='word_1_174' title='bbox 278 1747 422 1788; x_wconf 89' lang='lat' dir='ltr'><strong>omnia</strong></span> <span class='ocrx_word' id='word_1_175' title='bbox 465 1759 721 1791; x_wconf 86' lang='lat' dir='ltr'><strong>enumerare</strong></span> <span class='ocrx_word' id='word_1_176' title='bbox 769 1748 946 1802; x_wconf 85' lang='lat' dir='ltr'><strong>longum</strong></span> <span class='ocrx_word' id='word_1_177' title='bbox 994 1752 1075 1791; x_wconf 87' lang='lat' dir='ltr'><strong>est.</strong></span> <span class='ocrx_word' id='word_1_178' title='bbox 1140 1748 1236 1791; x_wconf 90' lang='lat' dir='ltr'><strong>Hoc</strong></span> <span class='ocrx_word' id='word_1_179' title='bbox 1280 1752 1455 1791; x_wconf 87' lang='lat' dir='ltr'><strong>tantum</strong></span> <span class='ocrx_word' id='word_1_180' title='bbox 1499 1759 1802 1802; x_wconf 89' lang='lat' dir='ltr'><strong>commemoro,</strong></span> <span class='ocrx_word' id='word_1_181' title='bbox 1849 1751 1889 1794; x_wconf 80' lang='grc' dir='ltr'>εἴ</span> <span class='ocrx_word' id='word_1_182' title='bbox 1923 1765 1983 1802; x_wconf 90' lang='grc' dir='ltr'><strong>τις</strong></span> 
     </span>
     <span class='ocr_line' id='line_1_22' title="bbox 279 1819 1982 1875; baseline 0.002 -16"><span class='ocrx_word' id='word_1_183' title='bbox 279 1829 358 1869; x_wconf 86' lang='lat' dir='ltr'><strong>pro</strong></span> <span class='ocrx_word' id='word_1_184' title='bbox 395 1821 481 1874; x_wconf 77' lang='grc' dir='ltr'>ἥτις</span> <span class='ocrx_word' id='word_1_185' title='bbox 514 1820 627 1872; x_wconf 85' lang='lat' dir='ltr'><strong>poni,</strong></span> <span class='ocrx_word' id='word_1_186' title='bbox 665 1821 781 1873; x_wconf 88' lang='lat' dir='ltr'><strong>quod</strong></span> <span class='ocrx_word' id='word_1_187' title='bbox 813 1819 1008 1863; x_wconf 84' lang='lat' dir='ltr'><strong>Calliclis</strong></span> <span class='ocrx_word' id='word_1_188' title='bbox 1041 1820 1263 1875; x_wconf 86' lang='lat' dir='ltr'><strong>glossema</strong></span> <span class='ocrx_word' id='word_1_189' title='bbox 1295 1821 1515 1873; x_wconf 86' lang='lat' dir='ltr'><strong>quoddam</strong></span> <span class='ocrx_word' id='word_1_190' title='bbox 1549 1831 1646 1863; x_wconf 85' lang='lat' dir='ltr'><strong>esse</strong></span> <span class='ocrx_word' id='word_1_191' title='bbox 1676 1821 1836 1864; x_wconf 88' lang='lat' dir='ltr'><strong>merito</strong></span> <span class='ocrx_word' id='word_1_192' title='bbox 1868 1821 1982 1875; x_wconf 88' lang='lat' dir='ltr'><strong>quis-</strong></span> 
     </span>
     <span class='ocr_line' id='line_1_23' title="bbox 280 1888 555 1940; baseline 0.011 -11"><span class='ocrx_word' id='word_1_193' title='bbox 280 1888 394 1940; x_wconf 83' lang='lat' dir='ltr'><strong>piam</strong></span> <span class='ocrx_word' id='word_1_194' title='bbox 427 1890 555 1933; x_wconf 88' lang='lat' dir='ltr'><strong>dicet.</strong></span> 
     </span>
    </p>
   </div>
   <div class='ocr_carea' id='block_1_5' title="bbox 277 1983 1982 2179">
    <p class='ocr_par' dir='ltr' id='par_1_5' title="bbox 277 1983 1982 2179">
     <span class='ocr_line' id='line_1_24' title="bbox 396 1983 1982 2041; baseline 0.003 -14"><span class='ocrx_word' id='word_1_195' title='bbox 396 1983 491 2038; x_wconf 79' lang='lat' dir='ltr'><strong>Quo</strong></span> <span class='ocrx_word' id='word_1_196' title='bbox 524 1986 706 2030; x_wconf 90' lang='lat' dir='ltr'><strong>consilio</strong></span> <span class='ocrx_word' id='word_1_197' title='bbox 739 1999 887 2030; x_wconf 89' lang='lat' dir='ltr'><strong>omnes</strong></span> <span class='ocrx_word' id='word_1_198' title='bbox 920 1987 1003 2030; x_wconf 91' lang='lat' dir='ltr'><strong>hae</strong></span> <span class='ocrx_word' id='word_1_199' title='bbox 1031 1999 1102 2030; x_wconf 89' lang='lat' dir='ltr'><strong>res</strong></span> <span class='ocrx_word' id='word_1_200' title='bbox 1131 1990 1424 2030; x_wconf 85' lang='lat' dir='ltr'><strong>commutatae</strong></span> <span class='ocrx_word' id='word_1_201' title='bbox 1446 1986 1550 2039; x_wconf 85' lang='lat' dir='ltr'><strong>sint,</strong></span> <span class='ocrx_word' id='word_1_202' title='bbox 1579 1986 1754 2040; x_wconf 89' lang='lat' dir='ltr'><strong>Sauppe</strong></span> <span class='ocrx_word' id='word_1_203' title='bbox 1775 1985 1982 2041; x_wconf 79' lang='lat' dir='ltr'><strong>(Platons</strong></span> 
     </span>
     <span class='ocr_line' id='line_1_25' title="bbox 277 2052 1979 2112; baseline 0.005 -18"><span class='ocrx_word' id='word_1_204' title='bbox 277 2052 405 2108; x_wconf 71' lang='lat' dir='ltr'><strong>Gory.</strong></span> <span class='ocrx_word' id='word_1_205' title='bbox 440 2055 544 2099; x_wconf 76' lang='lat' dir='ltr'><strong>erkl.</strong></span> <span class='ocrx_word' id='word_1_206' title='bbox 579 2070 614 2098; x_wconf 83' lang='lat' dir='ltr'><strong>v.</strong></span> <span class='ocrx_word' id='word_1_207' title='bbox 649 2057 841 2112; x_wconf 74' lang='lat' dir='ltr'><strong>Sauppe,</strong></span> <span class='ocrx_word' id='word_1_208' title='bbox 881 2057 968 2100; x_wconf 81' lang='lat' dir='ltr'><strong>her.</strong></span> <span class='ocrx_word' id='word_1_209' title='bbox 1003 2072 1040 2100; x_wconf 89' lang='lat' dir='ltr'><strong>v.</strong></span> <span class='ocrx_word' id='word_1_210' title='bbox 1074 2056 1251 2110; x_wconf 61' lang='grc'><strong>6010100,</strong></span> <span class='ocrx_word' id='word_1_211' title='bbox 1285 2071 1325 2112; x_wconf 88' lang='lat' dir='ltr'><strong>p.</strong></span> <span class='ocrx_word' id='word_1_212' title='bbox 1349 2059 1406 2101; x_wconf 83' lang='lat'><strong>93</strong></span> <span class='ocrx_word' id='word_1_213' title='bbox 1429 2059 1544 2111; x_wconf 88' lang='lat' dir='ltr'><strong>sqq.)</strong></span> <span class='ocrx_word' id='word_1_214' title='bbox 1584 2058 1747 2111; x_wconf 88' lang='lat' dir='ltr'><strong>optime</strong></span> <span class='ocrx_word' id='word_1_215' title='bbox 1784 2059 1979 2112; x_wconf 85' lang='lat' dir='ltr'><strong>exponit.</strong></span> 
     </span>
     <span class='ocr_line' id='line_1_26' title="bbox 278 2124 1978 2179; baseline 0.004 -13"><span class='ocrx_word' id='word_1_216' title='bbox 278 2124 443 2168; x_wconf 84' lang='lat' dir='ltr'><strong>Nostra</strong></span> <span class='ocrx_word' id='word_1_217' title='bbox 500 2127 689 2172; x_wconf 87' lang='lat' dir='ltr'><strong>interest</strong></span> <span class='ocrx_word' id='word_1_218' title='bbox 742 2130 880 2173; x_wconf 85' lang='lat' dir='ltr'><strong>verba</strong></span> <span class='ocrx_word' id='word_1_219' title='bbox 943 2131 1104 2173; x_wconf 88' lang='lat' dir='ltr'><strong>omissa</strong></span> <span class='ocrx_word' id='word_1_220' title='bbox 1167 2130 1323 2172; x_wconf 90' lang='lat' dir='ltr'><strong>addita</strong></span> <span class='ocrx_word' id='word_1_221' title='bbox 1381 2132 1683 2172; x_wconf 87' lang='lat' dir='ltr'><strong>transmutat-a</strong></span> <span class='ocrx_word' id='word_1_222' title='bbox 1743 2129 1873 2179; x_wconf 85' lang='lat' dir='ltr'><strong>ferre,</strong></span> <span class='ocrx_word' id='word_1_223' title='bbox 1930 2135 1978 2173; x_wconf 91' lang='lat' dir='ltr'><strong>ut</strong></span> 
     </span>
    </p>
   </div>
   <div class='ocr_carea' id='block_1_6' title="bbox 278 2199 1978 2321">
    <p class='ocr_par' dir='ltr' id='par_1_6' title="bbox 278 2199 1978 2321">
     <span class='ocr_line' id='line_1_27' title="bbox 278 2199 1978 2254; baseline 0.004 -16"><span class='ocrx_word' id='word_1_224' title='bbox 278 2208 431 2239; x_wconf 86' lang='lat' dir='ltr'><strong>versus</strong></span> <span class='ocrx_word' id='word_1_225' title='bbox 467 2199 658 2242; x_wconf 89' lang='lat' dir='ltr'><strong>orationi</strong></span> <span class='ocrx_word' id='word_1_226' title='bbox 698 2201 871 2244; x_wconf 87' lang='lat' dir='ltr'><strong>solutae</strong></span> <span class='ocrx_word' id='word_1_227' title='bbox 909 2205 1000 2244; x_wconf 90' lang='lat' dir='ltr'><strong>tam</strong></span> <span class='ocrx_word' id='word_1_228' title='bbox 1032 2201 1195 2244; x_wconf 84' lang='lat' dir='ltr'><strong>similes</strong></span> <span class='ocrx_word' id='word_1_229' title='bbox 1227 2200 1348 2254; x_wconf 90' lang='lat' dir='ltr'><strong>fiant,</strong></span> <span class='ocrx_word' id='word_1_230' title='bbox 1393 2204 1442 2243; x_wconf 92' lang='lat' dir='ltr'><strong>ut</strong></span> <span class='ocrx_word' id='word_1_231' title='bbox 1477 2213 1680 2243; x_wconf 86' lang='lat' dir='ltr'><strong>versuum</strong></span> <span class='ocrx_word' id='word_1_232' title='bbox 1719 2204 1871 2254; x_wconf 84' lang='lat' dir='ltr'><strong>partes</strong></span> <span class='ocrx_word' id='word_1_233' title='bbox 1904 2201 1978 2245; x_wconf 88' lang='lat' dir='ltr'><strong>vix</strong></span> 
     </span>
     <span class='ocr_line' id='line_1_28' title="bbox 278 2267 429 2321; baseline 0.013 -12"><span class='ocrx_word' id='word_1_234' title='bbox 278 2267 429 2321; x_wconf 84' lang='lat' dir='ltr'><strong>eligaS.</strong></span> 
     </span>
    </p>
   </div>
   <div class='ocr_carea' id='block_1_7' title="bbox 278 2364 1979 2991">
    <p class='ocr_par' dir='ltr' id='par_1_7' title="bbox 278 2364 1979 2991">
     <span class='ocr_line' id='line_1_29' title="bbox 395 2364 1978 2422; baseline 0.003 -16"><span class='ocrx_word' id='word_1_235' title='bbox 395 2364 516 2407; x_wconf 88' lang='lat' dir='ltr'><strong>Haec</strong></span> <span class='ocrx_word' id='word_1_236' title='bbox 564 2367 707 2409; x_wconf 85' lang='lat' dir='ltr'><strong>omnia</strong></span> <span class='ocrx_word' id='word_1_237' title='bbox 754 2369 911 2410; x_wconf 88' lang='lat' dir='ltr'><strong>iterum</strong></span> <span class='ocrx_word' id='word_1_238' title='bbox 961 2368 1286 2422; x_wconf 86' lang='lat' dir='ltr'><strong>perlustrantes</strong></span> <span class='ocrx_word' id='word_1_239' title='bbox 1335 2379 1421 2410; x_wconf 91' lang='lat' dir='ltr'><strong>non</strong></span> <span class='ocrx_word' id='word_1_240' title='bbox 1467 2379 1615 2410; x_wconf 90' lang='lat' dir='ltr'><strong>omnes</strong></span> <span class='ocrx_word' id='word_1_241' title='bbox 1658 2370 1877 2420; x_wconf 81' lang='lat' dir='ltr'><strong>auctores,</strong></span> <span class='ocrx_word' id='word_1_242' title='bbox 1924 2369 1978 2411; x_wconf 88' lang='lat' dir='ltr'><strong>de</strong></span> 
     </span>
     <span class='ocr_line' id='line_1_30' title="bbox 278 2435 1979 2493; baseline 0.005 -18"><span class='ocrx_word' id='word_1_243' title='bbox 278 2435 434 2486; x_wconf 86' lang='lat' dir='ltr'><strong>quibus</strong></span> <span class='ocrx_word' id='word_1_244' title='bbox 473 2438 781 2491; x_wconf 54' lang='lat' dir='ltr'><strong>quaesivimus</strong></span> <span class='ocrx_word' id='word_1_245' title='bbox 822 2441 1003 2483; x_wconf 85' lang='lat' dir='ltr'><strong>eundem</strong></span> <span class='ocrx_word' id='word_1_246' title='bbox 1041 2441 1097 2482; x_wconf 91' lang='lat' dir='ltr'><strong>ad</strong></span> <span class='ocrx_word' id='word_1_247' title='bbox 1136 2441 1307 2482; x_wconf 90' lang='lat' dir='ltr'><strong>modum</strong></span> <span class='ocrx_word' id='word_1_248' title='bbox 1339 2438 1533 2488; x_wconf 88' lang='lat' dir='ltr'><strong>licentia,</strong></span> <span class='ocrx_word' id='word_1_249' title='bbox 1574 2450 1628 2482; x_wconf 91' lang='lat' dir='ltr'><strong>ne</strong></span> <span class='ocrx_word' id='word_1_250' title='bbox 1659 2439 1800 2481; x_wconf 90' lang='lat' dir='ltr'><strong>dicam</strong></span> <span class='ocrx_word' id='word_1_251' title='bbox 1833 2438 1979 2493; x_wconf 85' lang='lat' dir='ltr'><strong>negle-</strong></span> 
     </span>
     <span class='ocr_line' id='line_1_31' title="bbox 278 2507 1977 2564; baseline 0.005 -18"><span class='ocrx_word' id='word_1_252' title='bbox 278 2507 429 2556; x_wconf 75' lang='lat' dir='ltr'><strong>gentia</strong></span> <span class='ocrx_word' id='word_1_253' title='bbox 461 2507 669 2551; x_wconf 85' lang='lat' dir='ltr'><strong>laudandi</strong></span> <span class='ocrx_word' id='word_1_254' title='bbox 692 2522 846 2553; x_wconf 80' lang='lat' dir='ltr'><strong>versus</strong></span> <span class='ocrx_word' id='word_1_255' title='bbox 874 2523 977 2554; x_wconf 88' lang='lat' dir='ltr'><strong>usos</strong></span> <span class='ocrx_word' id='word_1_256' title='bbox 1000 2523 1095 2554; x_wconf 90' lang='lat' dir='ltr'><strong>esse</strong></span> <span class='ocrx_word' id='word_1_257' title='bbox 1118 2511 1328 2554; x_wconf 86' lang='lat' dir='ltr'><strong>videmus.</strong></span> <span class='ocrx_word' id='word_1_258' title='bbox 1382 2510 1492 2552; x_wconf 91' lang='lat' dir='ltr'><strong>Nam</strong></span> <span class='ocrx_word' id='word_1_259' title='bbox 1515 2509 1782 2564; x_wconf 87' lang='lat' dir='ltr'><strong>Herodotus,</strong></span> <span class='ocrx_word' id='word_1_260' title='bbox 1817 2511 1977 2564; x_wconf 85' lang='lat' dir='ltr'><strong>quippe</strong></span> 
     </span>
     <span class='ocr_line' id='line_1_32' title="bbox 278 2575 1976 2639; baseline 0.005 -23"><span class='ocrx_word' id='word_1_261' title='bbox 278 2575 397 2618; x_wconf 81' lang='grc'><strong>0111113</strong></span> <span class='ocrx_word' id='word_1_262' title='bbox 437 2580 580 2622; x_wconf 90' lang='lat' dir='ltr'><strong>oratio</strong></span> <span class='ocrx_word' id='word_1_263' title='bbox 618 2581 723 2633; x_wconf 75' lang='grc' dir='ltr'>λέξις</span> <span class='ocrx_word' id='word_1_264' title='bbox 760 2582 948 2639; x_wconf 80' lang='grc' dir='ltr'>εἰρημένη</span> <span class='ocrx_word' id='word_1_265' title='bbox 986 2582 1060 2633; x_wconf 84' lang='lat' dir='ltr'><strong>sit,</strong></span> <span class='ocrx_word' id='word_1_266' title='bbox 1098 2586 1284 2635; x_wconf 88' lang='lat' dir='ltr'><strong>excepto</strong></span> <span class='ocrx_word' id='word_1_267' title='bbox 1333 2581 1429 2624; x_wconf 90' lang='lat' dir='ltr'><strong>loco</strong></span> <span class='ocrx_word' id='word_1_268' title='bbox 1467 2580 1649 2624; x_wconf 91' lang='lat' dir='ltr'><strong>laudato</strong></span> <span class='ocrx_word' id='word_1_269' title='bbox 1688 2593 1844 2624; x_wconf 84' lang='lat' dir='ltr'><strong>versus</strong></span> <span class='ocrx_word' id='word_1_270' title='bbox 1877 2593 1976 2625; x_wconf 88' lang='lat' dir='ltr'><strong>ver-</strong></span> 
     </span>
     <span class='ocr_line' id='line_1_33' title="bbox 279 2646 1977 2708; baseline 0.005 -21"><span class='ocrx_word' id='word_1_271' title='bbox 279 2646 463 2690; x_wconf 86' lang='lat' dir='ltr'><strong>botenus</strong></span> <span class='ocrx_word' id='word_1_272' title='bbox 495 2655 747 2694; x_wconf 79' lang='lat' dir='ltr'><strong>structurae</strong></span> <span class='ocrx_word' id='word_1_273' title='bbox 787 2653 1020 2695; x_wconf 89' lang='lat' dir='ltr'><strong>verborum</strong></span> <span class='ocrx_word' id='word_1_274' title='bbox 1057 2665 1144 2696; x_wconf 90' lang='lat' dir='ltr'><strong>non</strong></span> <span class='ocrx_word' id='word_1_275' title='bbox 1181 2652 1374 2696; x_wconf 89' lang='lat' dir='ltr'><strong>insertos</strong></span> <span class='ocrx_word' id='word_1_276' title='bbox 1411 2652 1560 2695; x_wconf 83' lang='lat' dir='ltr'><strong>adfert</strong></span> <span class='ocrx_word' id='word_1_277' title='bbox 1597 2651 1660 2708; x_wconf 91' lang='lat' dir='ltr'><strong>(Il</strong></span> <span class='ocrx_word' id='word_1_278' title='bbox 1696 2654 1792 2706; x_wconf 90' lang='lat'><strong>116,</strong></span> <span class='ocrx_word' id='word_1_279' title='bbox 1825 2652 1889 2696; x_wconf 87' lang='lat' dir='ltr'><strong>IV</strong></span> <span class='ocrx_word' id='word_1_280' title='bbox 1920 2653 1977 2696; x_wconf 82' lang='lat'><strong>29</strong></span> 
     </span>
     <span class='ocr_line' id='line_1_34' title="bbox 281 2720 1975 2778; baseline 0.005 -20"><span class='ocrx_word' id='word_1_281' title='bbox 281 2729 431 2760; x_wconf 71' lang='lat' dir='ltr'><strong>versus</strong></span> <span class='ocrx_word' id='word_1_282' title='bbox 483 2720 754 2775; x_wconf 86' lang='lat' dir='ltr'><strong>Homericos,</strong></span> <span class='ocrx_word' id='word_1_283' title='bbox 808 2724 956 2766; x_wconf 88' lang='lat' dir='ltr'><strong>multis</strong></span> <span class='ocrx_word' id='word_1_284' title='bbox 1008 2723 1116 2767; x_wconf 85' lang='lat' dir='ltr'><strong>locis</strong></span> <span class='ocrx_word' id='word_1_285' title='bbox 1169 2725 1346 2767; x_wconf 87' lang='lat' dir='ltr'><strong>deorum</strong></span> <span class='ocrx_word' id='word_1_286' title='bbox 1399 2723 1647 2778; x_wconf 85' lang='lat' dir='ltr'><strong>responsa).</strong></span> <span class='ocrx_word' id='word_1_287' title='bbox 1730 2723 1975 2767; x_wconf 85' lang='lat' dir='ltr'><strong>Verborum</strong></span> 
     </span>
     <span class='ocr_line' id='line_1_35' title="bbox 278 2788 1977 2849; baseline 0.005 -20"><span class='ocrx_word' id='word_1_288' title='bbox 278 2788 388 2831; x_wconf 86' lang='grc'><strong>0111111</strong></span> <span class='ocrx_word' id='word_1_289' title='bbox 428 2793 785 2844; x_wconf 79' lang='lat' dir='ltr'><strong>compositionem</strong></span> <span class='ocrx_word' id='word_1_290' title='bbox 819 2795 1056 2847; x_wconf 74' lang='lat' dir='ltr'><strong>pleniorem</strong></span> <span class='ocrx_word' id='word_1_291' title='bbox 1089 2799 1134 2838; x_wconf 89' lang='lat' dir='ltr'><strong>et</strong></span> <span class='ocrx_word' id='word_1_292' title='bbox 1173 2795 1313 2849; x_wconf 85' lang='lat' dir='ltr'><strong>magis</strong></span> <span class='ocrx_word' id='word_1_293' title='bbox 1352 2795 1519 2837; x_wconf 90' lang='lat' dir='ltr'><strong>variam</strong></span> <span class='ocrx_word' id='word_1_294' title='bbox 1560 2807 1656 2838; x_wconf 89' lang='lat' dir='ltr'><strong>esse</strong></span> <span class='ocrx_word' id='word_1_295' title='bbox 1695 2799 1888 2849; x_wconf 86' lang='lat' dir='ltr'><strong>oportet,</strong></span> <span class='ocrx_word' id='word_1_296' title='bbox 1926 2798 1977 2839; x_wconf 92' lang='lat' dir='ltr'><strong>ut</strong></span> 
     </span>
     <span class='ocr_line' id='line_1_36' title="bbox 280 2861 1973 2920; baseline 0.005 -20"><span class='ocrx_word' id='word_1_297' title='bbox 280 2861 362 2901; x_wconf 84' lang='lat' dir='ltr'><strong>toti</strong></span> <span class='ocrx_word' id='word_1_298' title='bbox 396 2874 549 2905; x_wconf 73' lang='lat' dir='ltr'><strong>versus</strong></span> <span class='ocrx_word' id='word_1_299' title='bbox 582 2869 834 2909; x_wconf 85' lang='lat' dir='ltr'><strong>structurae</strong></span> <span class='ocrx_word' id='word_1_300' title='bbox 873 2867 1107 2910; x_wconf 86' lang='lat' dir='ltr'><strong>verborum</strong></span> <span class='ocrx_word' id='word_1_301' title='bbox 1139 2871 1367 2909; x_wconf 88' lang='lat' dir='ltr'><strong>auctorum</strong></span> <span class='ocrx_word' id='word_1_302' title='bbox 1408 2866 1675 2920; x_wconf 84' lang='lat' dir='ltr'><strong>pedestrium</strong></span> <span class='ocrx_word' id='word_1_303' title='bbox 1706 2867 1973 2910; x_wconf 87' lang='lat' dir='ltr'><strong>inserantur.</strong></span> 
     </span>
     <span class='ocr_line' id='line_1_37' title="bbox 280 2928 1974 2991; baseline 0.006 -21"><span class='ocrx_word' id='word_1_304' title='bbox 280 2928 436 2983; x_wconf 84' lang='lat' dir='ltr'><strong>Itaque</strong></span> <span class='ocrx_word' id='word_1_305' title='bbox 460 2933 738 2988; x_wconf 70' lang='lat' dir='ltr'><strong>&#39;l&#39;hucydides</strong></span> <span class='ocrx_word' id='word_1_306' title='bbox 773 2949 900 2979; x_wconf 85' lang='lat' dir='ltr'><strong>unum</strong></span> <span class='ocrx_word' id='word_1_307' title='bbox 925 2950 1096 2980; x_wconf 84' lang='lat' dir='ltr'><strong>versum</strong></span> <span class='ocrx_word' id='word_1_308' title='bbox 1122 2938 1409 2990; x_wconf 86' lang='lat' dir='ltr'><strong>Homericum,</strong></span> <span class='ocrx_word' id='word_1_309' title='bbox 1444 2937 1691 2991; x_wconf 88' lang='lat' dir='ltr'><strong>Xenophon</strong></span> <span class='ocrx_word' id='word_1_310' title='bbox 1715 2937 1974 2991; x_wconf 84' lang='lat' dir='ltr'><strong>complures,</strong></span> 
     </span>
    </p>
   </div>
  </div>
 </body>
</html>
