2080 3424
1112 299 1139 339 4

390 439 516 483 Hanc
548 439 810 492 scriptorum
850 438 1066 480 rationem
1103 437 1315 480 laudandi
1351 440 1559 480 auctores
1596 448 1685 480 non
1715 439 1970 480 accuratam

272 522 368 554 esse
418 510 575 553 merito
628 509 843 563 quispiam
895 508 1072 552 dixerit.
1154 507 1265 551 Nam
1315 519 1579 562 unoquoque
1629 507 1727 551 loco
1789 507 1971 552 disertis

274 582 421 625 verbis
492 592 694 623 versuum
765 580 1043 623 laudatorum
1117 584 1324 623 auctores
1385 585 1545 622 notare-
1606 590 1682 622 eos
1743 577 1970 622 taeduisse

273 652 459 695 videtur.
522 651 672 705 Neque
711 656 858 694 tamen
896 651 979 694 hoc
1015 651 1338 704 reprehendere
1379 650 1496 704 licet,
1531 651 1635 704 quia
1665 650 1754 693 toti
1784 649 1970 704 scripto·

271 736 363 766 rum
386 724 651 767 Graecorum
686 723 838 776 generi
867 723 1088 765 scribendi
1110 722 1331 776 convenit,
1366 733 1454 775 qua
1485 723 1539 765 de
1570 733 1619 765 re
1651 725 1810 775 postea
1839 721 1970 776 plura

273 795 407 837 verba
438 793 658 837 faciemus.

386 866 470 909 Sed
514 866 620 909 haec
664 865 848 918 leviora,
894 865 972 908 illa
1015 877 1123 909 vero
1169 866 1342 920 gravia,
1382 866 1497 919 quod
1531 877 1617 919 quo
1648 865 1777 908 modo
1808 876 1967 909 versus

266 950 294 978 a
344 937 635 990 scriptoribus
682 935 866 980 Graecis
917 937 1002 990 ipsi
1051 937 1223 980 laudati
1273 937 1375 991 sint,
1430 937 1694 990 quaerimus.
1766 936 1866 992 Qua
1910 936 1967 980 de

267 1008 438 1050 ratione
501 1014 676 1051 veteres
738 1009 980 1061 scriptores
1042 1009 1162 1062 ipsos
1223 1007 1332 1051 nihil
1395 1007 1542 1052 dicere
1602 1004 1735 1051 facile
1794 1007 1965 1052 intelle-

266 1078 400 1132 gitur,
442 1078 526 1121 nisi
569 1080 686 1132 quod
728 1079 866 1122 verba
912 1080 1139 1132 quaedam,
1187 1091 1300 1133 quae
1331 1079 1494 1133 Lysiae
1536 1079 1827 1122 attribuenda
1867 1090 1964 1123 esse

267 1149 483 1203 videntur,
538 1162 719 1203 quorum
773 1155 929 1204 postea
980 1150 1244 1194 mentionem
1295 1150 1522 1205 faciemus,
1583 1150 1667 1194 huc
1722 1149 1985 1204 pertinent„

264 1220 421 1274 Itaque
473 1226 518 1264 et
570 1234 593 1264 e
643 1222 842 1263 versibus
889 1221 1084 1264 laudatis
1115 1223 1225 1276 ipsis
1257 1221 1376 1265 ratio
1408 1222 1688 1265 exscribendi
1717 1220 1964 1265 haurienda

264 1299 309 1334 et
318 1292 426 1335 fides
441 1293 643 1335 habenda
654 1296 723 1335 est
730 1293 1053 1347 Hermogeni,¹)
1069 1294 1143 1346 qui
1154 1298 1222 1336 est
1231 1294 1349 1336 inter
1357 1293 1560 1337 rhetores
1568 1293 1669 1337 illos
1677 1292 1960 1347 clarissimos,

263 1375 442 1416 quorum
475 1364 517 1406 in
551 1365 723 1416 iudicio,
759 1364 795 1406 si
828 1366 881 1407 de
916 1368 1113 1407 veterum
1146 1364 1411 1418 scriptorum
1443 1377 1606 1419 genere
1634 1363 1809 1408 dicendi
1832 1366 1963 1410 nobis

261 1434 535 1477 iudicandum
568 1441 649 1486 est,
682 1448 762 1479 nos
795 1440 917 1478 stare
950 1439 1142 1490 oportet.
1205 1435 1315 1478 Nam
1348 1448 1424 1479 eos
1456 1441 1506 1479 ut
1536 1435 1733 1480 homines
1763 1435 1962 1482 Graecos

262 1505 369 1548 talia
400 1506 551 1549 melius
583 1507 710 1550 nobis
742 1507 1016 1550 intellexisse
1054 1513 1395 1551 consentaneum
1415 1512 1516 1551 sest.
1578 1507 1882 1564 Hermogenes
1913 1516 1961 1552 et

260 1578 303 1619 in
335 1577 462 1629 libro,
496 1579 569 1630 qui
600 1580 691 1635 περὶ
723 1580 905 1635 μεθόδου
937 1580 1069 1622 δεινοῦ
1101 1579 1372 1632 inscribitur,
1412 1584 1458 1622 et
1489 1580 1533 1622 in
1566 1591 1631 1633 eo,
1665 1591 1792 1633 quem
1823 1592 1962 1635 supra

260 1649 699 1702 commemoravimus,
746 1650 799 1692 de
846 1650 1050 1693 versibus
1089 1651 1283 1694 orationi
1321 1650 1518 1704 pedestri
1557 1651 1804 1695 inserendis
1837 1664 1960 1706 prae-

259 1725 387 1772 cepta
420 1721 509 1772 dat,
549 1732 659 1773 quae
692 1720 901 1774 exemplis
934 1734 956 1763 e
988 1721 1114 1764 libris
1152 1721 1418 1775 scriptorum
1449 1722 1713 1776 Atticorum,
1751 1723 1811 1766 ad
1846 1735 1958 1778 quos

259 1790 366 1832 haec
398 1792 599 1843 quaestio
640 1791 738 1845 ipsa
780 1804 952 1846 quoque
991 1794 1198 1847 pertinet,
1244 1794 1417 1836 haustis
1449 1794 1663 1838 illustrat.
1726 1793 1810 1839 Illo
1841 1795 1957 1840 libro

258 1861 407 1913 (Rhet.
442 1861 598 1905 Graec.
622 1863 678 1916 II,
704 1877 743 1917 p,
767 1865 872 1917 450)
906 1877 1061 1907 versus
1093 1867 1202 1908 κατὰ
1232 1865 1431 1923 κόλλησιν
1469 1866 1663 1909 orationi
1693 1866 1872 1918 inditos,
1910 1868 1956 1911 id

258 1934 372 1984 quod
404 1933 533 1975 Blass
566 1935 628 1977 sic
660 1936 1003 1988 interpretatur:
1041 1937 1145 1990 „mit
1178 1949 1291 1991 ganz
1324 1949 1479 1991 eugeni
1513 1937 1754 1981 Anschluss
1786 1950 1844 1982 an
1874 1940 1955 1983 das

259 2016 353 2046 vom
387 2005 562 2049 Redner
594 2005 832 2060 Gesagte“,
867 2008 923 2050 ab
957 2009 1032 2062 eiS,
1067 2010 1141 2062 qui
1172 2012 1282 2052 κατὰ
1312 2010 1522 2067 παρῳδίαν
1553 2009 1831 2064 adferantur,
1864 2011 1955 2054 dis-

256 2075 408 2118 cernit.
462 2076 583 2131 Quae
617 2079 733 2120 ratio
767 2079 917 2122 eadem
949 2079 1041 2123 fere
1074 2085 1142 2123 est
1174 2085 1310 2134 atque
1341 2082 1592 2139 παραπλοκή
1615 2081 1768 2136 (Thes.
1791 2080 1952 2126 Graec.

256 2146 381 2201 Ling.
407 2148 467 2190 VI
489 2149 606 2201 561),
641 2162 769 2202 quam
802 2151 1024 2205 cognituri
1057 2164 1215 2195 sumus.

371 2232 538 2286 Quibus
569 2232 705 2275 multo
741 2235 952 2287 graviora
993 2247 1046 2278 ea
1078 2241 1194 2289 sunt,
1240 2249 1352 2290 quae
1385 2237 1688 2290 Hermogenes
1725 2237 1870 2281 altero
1905 2238 1952 2282 in

254 2300 366 2344 libro
389 2303 663 2356 digressione
692 2316 718 2346 a
747 2305 862 2347 dulci
890 2318 1088 2349 sermone
1112 2307 1371 2360 explicando
1393 2307 1516 2351 facta
1537 2308 1686 2360 (Rhet.
1710 2307 1868 2353 Graec.
1891 2309 1950 2364 11,

255 2385 292 2423 p.
323 2373 428 2424 362>
460 2375 512 2417 de
556 2375 755 2418 versibus
796 2376 1026 2420 laudandis
1066 2378 1297 2432 praecipit.
1373 2379 1615 2434 Postquam
1660 2379 1788 2435 enim,
1835 2381 1950 2424 sicut

253 2443 466 2486 ‹lialectus
499 2445 659 2488 Jonica
692 2447 831 2489 dulcis
863 2454 994 2502 esset,
1029 2462 1122 2491 cum
1156 2455 1380 2503 tamquam
1414 2457 1574 2504 poetae
1606 2456 1739 2507 esset,
1770 2452 1838 2495 ita
1868 2464 1950 2496 nos

256 2514 453 2557 versibus
495 2518 685 2559 orationi
728 2518 911 2561 intextis
951 2520 1165 2563 delectari
1207 2521 1415 2575 exemplis
1455 2522 1643 2576 prolatis
1681 2523 1806 2577 dixit,
1849 2523 1947 2575 hoc,

253 2587 363 2636 quod
409 2592 563 2630 nostra
606 2589 734 2632 valde
776 2591 975 2644 interest,
1025 2593 1205 2635 statuit:
1249 2593 1395 2637 εἰδέναι
1437 2594 1572 2651 μέντοι
1609 2594 1690 2652 χρὴ
1727 2595 1788 2639 ὅτι
1827 2594 1949 2639 αὗται

251 2656 291 2697 αἱ
322 2659 597 2713 παραπλοκαί,
630 2662 709 2703 εἴτε
755 2661 864 2706 ἰδίων
895 2665 975 2706 εἴτε
1013 2664 1239 2721 ἀλλοτρίων
1277 2665 1356 2709 εἶεν
1393 2667 1646 2723 ποιημάτων,
1684 2667 1720 2710 εἰ
1751 2669 1806 2724 μὴ
1838 2669 1949 2712 οὕτω

251 2729 588 2784 maxiem-m,
633 2732 738 2775 ὥστε
782 2735 824 2776 ἓν
866 2736 1000 2779 δοκεῖν
1044 2735 1144 2778 εἶναι
1188 2743 1309 2793 σῶμα
1351 2739 1487 2781 αὐτῶν
1524 2750 1568 2780 τε
1606 2740 1676 2781 καὶ
1712 2745 1786 2781 τοῦ
1817 2739 1946 2792 πεζοῦ

249 2797 386 2852 λόγου,
418 2800 509 2843 ἀλλ’
542 2802 591 2844 ἐκ
622 2803 872 2856 διαστάσεως
903 2806 1100 2861 λέγοιντο,
1133 2809 1271 2864 ὥσπερ
1303 2808 1340 2850 οἱ
1370 2809 1485 2865 νόμοι
1514 2811 1584 2852 καί
1615 2812 1667 2852 τὰ
1703 2810 1948 2867 ψηφίσματα

370 2940 400 2981 l)
430 2940 535 2977 mass
564 2943 639 2979 Att.
660 2943 739 2980 Ber.
760 2944 851 2989 111‚2
878 2956 911 2991 p.
934 2949 1053 2990 119,1.
1105 2947 1256 2985 Norden
1284 2951 1382 2993 89,3.
