2080 3424
1085 324 1140 365 62

253 466 311 507 ab
343 465 594 518 opprobriis
627 465 739 507 enim
773 463 949 518 Cynicis
981 477 1076 507 cum
1109 465 1338 508 vindicare
1378 465 1533 508 voluit.
1597 466 1746 520 Atque
1781 465 1896 510 hunc
1925 468 1966 511 si

253 536 468 590 laudavit,
503 537 806 579 adversarium
841 536 933 578 eius
965 536 1022 578 ab
1055 536 1324 580 Antisthene
1356 537 1606 590 praelatum
1635 537 1812 582 silentio
1841 549 1964 592 praae-

258 607 397 651 terire
429 620 483 651 ne
515 608 662 661 potuit
695 607 881 660 quidem.
948 606 1034 650 Sed
1065 620 1120 650 ne
1151 611 1244 650 tum
1283 609 1470 662 quidem,
1518 609 1556 651 si
1586 608 1704 652 forte
1735 609 1967 654 Phaedrus

253 680 533 722 Antisthenis
569 679 725 721 librum
761 682 913 722 aetate
945 678 1151 733 anteivit,
1191 679 1290 733 fuit,
1333 692 1411 722 cur
1443 680 1576 723 Plato
1617 684 1663 723 et
1696 681 1877 736 Lysiam
1917 684 1964 725 et

255 752 498 794 Isocratem
531 751 789 794 nominared
822 750 1032 793 ubitaret.
1095 751 1206 794 Nam
1239 764 1334 794 cum
1366 751 1649 795 Antisthenis
1680 752 1806 807 liber,
1840 744 1964 796 cuius

255 823 326 866 vel
357 822 490 865 titulo
524 822 686 876 Lysias
718 827 763 865 et
795 823 1019 866 Isocrates
1051 824 1267 866 nominati
1298 828 1415 875 sunt,
1449 824 1492 866 in
1516 824 1600 867 hac
1633 836 1768 868 causa
1789 823 1964 878 publice

253 898 453 937 tractata
483 894 679 937 homines
722 895 768 937 in
812 907 865 938 ea
904 900 1138 938 versantes
1175 895 1320 948 palam
1359 883 1609 939 nominatos
1647 908 1744 939 esse
1788 897 1961 950 doceat,

253 969 595 1009 consentaneum
618 971 687 1009 est
713 978 767 1009 ne
789 966 1022 1009 Platonem
1045 965 1219 1020 quidem
1240 967 1285 1009 in
1308 966 1423 1009 libro
1453 979 1532 1010 suo
1555 969 1611 1010 ad
1635 979 1813 1011 causam
1839 967 1958 1011 illam

252 1037 580 1080 celeberrimam
614 1038 865 1091 pertinente
898 1037 1079 1092 Lysiam
1117 1041 1252 1091 atque
1285 1039 1529 1082 Isocratem
1562 1039 1771 1082 tacuisse.
1834 1037 1962 1094 Quod

253 1114 352 1152 erat
385 1111 786 1152 demonstrandum.

371 1182 493 1224 Haec
525 1182 679 1235 habeo,
715 1194 827 1235 quae
861 1183 1002 1224 dicam
1035 1183 1088 1225 de
1126 1182 1393 1235 scriptorum
1427 1182 1714 1235 Graecorum,
1749 1183 1824 1236 qui
1855 1184 1962 1225 ante

252 1253 541 1296 Aristotelem
562 1253 754 1307 fuerunt,
785 1253 961 1296 ratione
983 1257 1190 1296 auctores
1212 1254 1437 1296 laudandi.
1501 1253 1762 1297 Aristotelis
1785 1265 1960 1308 quoque

252 1326 305 1367 de
338 1326 655 1368 consuetudine
689 1337 904 1378 quaerere
936 1326 1106 1368 omitto.
1172 1326 1324 1378 Neque
1369 1326 1483 1368 enim
1525 1326 1652 1369 modo
1691 1325 1748 1368 ad
1791 1337 1960 1368 omnem

253 1396 555 1449 quaestionem
589 1409 615 1439 a
647 1409 713 1439 me
745 1400 991 1439 tractatam
1023 1398 1100 1439 sed
1133 1396 1267 1439 etiam
1298 1397 1356 1438 ad
1387 1395 1486 1450 ipsa
1506 1395 1768 1439 Aristotelis
1790 1397 1960 1450 scripta

249 1468 550 1522 intellegenda
588 1468 680 1511 eius
721 1467 837 1511 ratio
875 1468 1087 1512 laudandi
1131 1473 1338 1512 auctores
1382 1468 1500 1510 tanti
1539 1468 1748 1511 momenti
1780 1471 1862 1522 est,
1904 1470 1958 1511 ut

253 1541 455 1593 quaestio
488 1541 541 1583 de
575 1552 627 1583 ea
659 1540 934 1583 instituenda
966 1541 1011 1582 in
1043 1539 1288 1594 longiorem
1311 1540 1429 1583 diem
1460 1539 1588 1582 nobis
1610 1538 1853 1582 differenda
1883 1539 1957 1582 sit.
