2080 3424
992 347 1276 413 -ᾆί-

282 490 483 533 immutet
511 494 555 533 et
580 502 673 533 cum
697 489 787 532 suis
819 492 918 532 arte
941 493 1155 532 contexat
1176 490 1341 533 verbis.
1396 487 1500 532 Cum
1523 491 1635 534 enim
1658 476 1852 547 Gorgias
1882 491 1993 537 dicit

283 563 389 617 (452
404 562 483 616 D):
528 563 629 618 ὅπερ
671 561 794 613 ἐστίν,
838 559 871 604 ὦ
902 561 1137 617 Σώκρατες,
1177 569 1228 618 τῇ
1268 562 1452 619 ἀληθείᾳ
1495 562 1686 619 μέγιστον
1724 564 1891 620 ἀγαθὸν
1918 565 1991 608 καὶ

284 637 411 677 αἴτιον
458 634 563 687 κτλ.,
604 631 804 675 Socratis
845 632 986 675 verba
1023 632 1242 686 sequitur:
1277 645 1364 686 qua
1404 645 1452 676 re
1495 637 1724 677 structura
1754 634 1991 679 verborum

282 705 477 747 auctoris
525 704 699 746 laudati
744 704 883 756 ipsius
916 707 1223 747 commutatur.
1286 703 1407 747 Idem
1439 704 1614 758 planius
1644 704 1698 748 fit
1726 706 1772 750 in
1794 705 1864 750 his
1894 718 1990 750 ver-

283 777 369 819 bis:
417 778 552 818 καίτοι
588 776 631 818 ἐν
668 775 797 831 ταύτῃ
834 782 886 831 τῇ
923 775 1090 831 δυνάμει
1127 775 1274 820 δοῦλον
1313 778 1385 833 μὲν
1425 777 1527 829 ἕξεις
1557 779 1628 821 τὸν
1660 778 1811 835 ἰατρόν,
1842 778 1991 823 δοῦλον
2066 769 2069 771 ’

282 850 325 891 δὲ
362 849 431 890 τὸν
468 846 743 903 παιδοτρίβην,
782 847 839 888 ad
879 858 992 899 quae
1031 847 1350 891 conscribenda
1388 848 1493 901 quin
1531 847 1665 891 Plato
1707 850 1932 893 sententia
1962 850 2009 892 a'

282 918 530 963 Protarcho
550 918 736 960 laudata
757 929 861 960 usus
882 919 942 961 sit
963 930 1050 962 non
1075 918 1252 962 dubium
1275 922 1357 972 est,
1380 923 1459 962 aut
1486 920 1530 962 in
1559 921 1636 973 eiS,
1667 931 1781 974 quae
1799 919 1990 975 Hippias

281 992 403 1034 Prot.
429 989 562 1033 3370
610 990 890 1043 pronuntiat:
957 989 1081 1047 (μετὰ
1126 992 1170 1034 δὲ
1216 993 1287 1034 τὸν
1332 991 1536 1048 Πρόδικον
1582 988 1749 1042 Ἱππίας
1793 993 1817 1036 ὁ
1862 994 1991 1050 σοφὸς

282 1062 422 1118 εἶπεν),
461 1060 523 1105 Ὠ
560 1063 716 1118 ἄνδρες,
753 1063 846 1118 ἔφη,
887 1063 924 1105 οἱ
955 1063 1166 1119 παρόντες,
1207 1065 1386 1120 ἡγοῦμαι
1427 1065 1512 1120 ἐγὼ
1555 1065 1658 1120 ὑμᾶς
1696 1071 1907 1121 συγγενεῖς
1942 1076 1991 1108 τε

281 1137 350 1177 καὶ
388 1135 560 1185 οἰκείους
597 1135 667 1176 καί
707 1134 878 1185 πολίτας
909 1136 1092 1186 ἅπαντας
1123 1134 1224 1178 εἶναι
1255 1135 1387 1191 φύσει,
1420 1137 1468 1178 οὐ
1498 1136 1629 1192 νόμῳ·
1662 1137 1710 1179 τὸ
1739 1137 1821 1193 γὰρ
1849 1137 1990 1193 ὅμοιον

280 1214 339 1263 τῷ
382 1206 508 1262 ὁμοίῳ
546 1206 665 1261 φύσει
702 1205 896 1261 συγγενές
933 1206 1055 1258 ἐστιν,
1088 1207 1111 1248 ὁ
1142 1207 1187 1249 δὲ
1223 1205 1358 1263 νόμος,
1396 1208 1591 1264 τύραννος
1622 1208 1679 1250 ὢν
1709 1211 1793 1251 τῶν
1823 1206 1989 1265 ἀνθρὼ-

281 1293 383 1331 πων,
424 1275 562 1320 πολλὰ
599 1278 712 1332 παρὰ
751 1279 824 1332 τὴν
865 1277 985 1333 φύσιν
1023 1276 1218 1333 βιάζεται,
1257 1278 1415 1331 quibus
1453 1279 1498 1320 in
1536 1278 1690 1321 verbis
1721 1289 1810 1321 non
1846 1278 1988 1322 minus

283 1362 410 1402 quam
458 1348 500 1390 in
549 1347 638 1390 illis
685 1348 932 1390 sententias
971 1349 1063 1391 eius
1095 1348 1246 1402 ipsius,
1282 1350 1357 1403 qui
1388 1349 1509 1403 dicit,
1542 1349 1688 1393 ineSSe
1719 1361 1868 1393 omnes
1900 1349 1990 1393 viri

282 1420 402 1463 docti
448 1421 566 1462 inter
615 1431 662 1462 se
705 1420 988 1462 consentiunt
1031 1420 1210 1473 (Zeller,
1242 1419 1325 1461 Ph.
1350 1419 1495 1474 d.Gr.
1520 1421 1542 1464 I
1564 1421 1837 1477 2⁵1182‚2).
1901 1420 1988 1466 Sed

283 1497 329 1535 et
376 1491 569 1546 Gorgias
622 1495 668 1534 et
714 1490 902 1544 Hippias
949 1492 1062 1534 alios
1120 1492 1423 1546 alloquuntur,
1485 1505 1571 1546 quo
1623 1493 1690 1546 fit,
1753 1496 1804 1536 ut
1853 1492 1988 1536 Plato

283 1576 431 1606 eorum
464 1564 604 1606 verba
632 1575 717 1605 non
752 1563 990 1616 exscribat,
1026 1565 1117 1617 sed,
1150 1569 1199 1606 ut
1227 1576 1369 1607 sermo
1403 1563 1506 1618 fert,
1539 1568 1790 1608 commutet.
1851 1565 1990 1608 Accu-
2070 1603 2074 1606 .

283 1635 503 1677 ratissime
535 1638 695 1687 autem,
740 1647 831 1677 cum
881 1634 978 1677 Poli
1027 1636 1166 1678 verba
1205 1637 1258 1678 de
1298 1636 1516 1679 hominum
1560 1636 1736 1680 artibus
1780 1635 1990 1680 artificio-

284 1707 452 1750 sissime
486 1706 607 1749 dicta
639 1707 777 1761 Gorg.
801 1707 938 1750 4480
971 1707 1161 1761 adferat,
1197 1708 1336 1751 verba
1358 1708 1557 1751 auctoris
1588 1707 1761 1751 laudati
1793 1708 1990 1752 tenuisse
2073 1737 2075 1739 ·

285 1780 461 1821 videtur
476 1779 672 1833 (Sauppe
696 1792 736 1832 p.
756 1781 815 1834 6).
846 1779 1036 1822 Etiamsi
1053 1780 1165 1822 enim
1179 1779 1449 1823 Aristoteles
1464 1780 1660 1834 Metaph.
1678 1779 1701 1822 I
1722 1781 1740 1822 1
1761 1792 1803 1834 p.
1821 1780 1991 1824 98124

283 1863 362 1893 sua
395 1863 417 1893 e
450 1852 764 1894 consuetudine
792 1851 892 1894 Poli
924 1853 1188 1894 sententiam
1223 1864 1352 1905 quam
1386 1852 1645 1895 brevissime
1675 1852 1845 1906 laudat,
1879 1851 1989 1896 nihil

284 1926 428 1964 tamen
462 1929 573 1975 erat,
610 1924 726 1975 quod
759 1923 890 1966 Plato
931 1935 1039 1976 eam,
1074 1923 1337 1976 praesertim
1376 1936 1470 1966 cum
1503 1936 1643 1978 genus
1676 1924 1849 1967 dicendi
1879 1923 1989 1968 Gor-

284 1995 460 2047 gianum
510 2006 618 2046 prae
669 2007 715 2036 se
766 1994 896 2048 ferat,
943 1995 1113 2048 plenius
1151 1996 1375 2038 redderet.
1440 1995 1524 2038 Sed
1564 1996 1712 2038 nescio
1754 2007 1812 2038 au
1854 1992 1987 2039 Plato

285 2065 391 2107 haec
425 2065 563 2107 verba
596 2078 646 2108 eo
680 2066 863 2108 consilio
898 2067 1204 2119 composuerit,
1230 2072 1279 2109 ut
1305 2066 1467 2119 Polum,
1493 2067 1567 2120 qui
1589 2079 1616 2108 a
1639 2065 1811 2121 Gorgia
1827 2070 1987 2121 staret,

285 2137 447 2188 optime
494 2138 779 2180 describeret.
844 2137 1090 2191 Utcumque
1137 2150 1208 2180 res
1252 2150 1298 2180 se
1336 2138 1487 2190 habet,
1519 2139 1614 2190 hoc,
1649 2138 1694 2181 ni
1725 2137 1871 2191 fallor,
1904 2150 1987 2192 pro

285 2212 406 2250 certo
448 2209 550 2261 poni
593 2212 754 2261 potest,
797 2209 1028 2252 Platonem
1062 2210 1330 2263 praepositis
1377 2209 1466 2251 illis
1513 2209 1547 2253 ὦ
1582 2210 1806 2267 Χαιρεφῶν
1850 2215 1989 2263 atque

286 2280 433 2321 verbis
481 2281 689 2322 extremis
732 2280 898 2322 additis
937 2281 980 2323 id
1029 2284 1246 2334 spectare,
1293 2286 1342 2323 ut
1388 2282 1584 2324 auctoris
1628 2281 1799 2324 laudati
1847 2282 1988 2324 verba
2069 2339 2072 2346 Ι

285 2355 506 2403 tamquam
540 2363 619 2392 sua
650 2350 761 2393 fiant
794 2364 933 2405 neque
966 2353 1093 2394 nimis
1125 2365 1153 2394 a
1185 2353 1346 2395 ceteris
1378 2353 1598 2395 differant.

404 2422 469 2463 Ex
503 2423 570 2463 his
603 2425 850 2466 sententias
882 2430 1111 2467 auctorum
1143 2424 1200 2466 ab
1232 2425 1354 2477 ipsis,
1388 2425 1425 2466 si
1469 2436 1555 2467 non
1600 2425 1656 2466 ad
1696 2424 1891 2478 verbum,
1936 2428 1989 2467 at.

286 2498 405 2535 cei-te
450 2495 559 2535 satis
592 2498 800 2537 accurate
834 2496 1001 2538 adferri
1042 2494 1331 2538 concluditur.
1395 2495 1455 2537 Et
1488 2496 1775 2538 observamus
1813 2499 1986 2539 senten-

286 2565 372 2605 tias
405 2565 472 2606 his
500 2565 607 2607 locis
637 2567 700 2607 sic
723 2566 928 2609 laudatas
952 2568 1118 2610 diserte
1140 2579 1225 2610 non
1249 2567 1461 2609 exhiberi.
1504 2567 1825 2619 Comparentur
1845 2566 1989 2621 igitur

287 2648 379 2676 cum
418 2636 484 2677 his
522 2636 561 2678 ei
599 2637 696 2688 loci,
738 2638 894 2690 quibus
928 2639 1059 2681 Plato
1103 2642 1323 2690 auctores,
1367 2638 1491 2681 velut
1535 2638 1746 2692 Gorgiam
1789 2642 1837 2681 et
1874 2638 1987 2682 Pro-

288 2711 489 2752 tagoram
507 2708 549 2749 in
569 2708 771 2761 dialogis,
787 2711 859 2762 qui
883 2722 1031 2752 eorum
1054 2710 1300 2752 nominibus
1322 2709 1625 2752 inscribuntur
1643 2711 1701 2763 (p.
1716 2709 1855 2753 456A
1871 2722 1985 2764 sqq„
2060 2744 2062 2746 ,

289 2789 410 2827 quem
435 2778 573 2820 locum
598 2792 731 2832 supra
754 2781 1199 2834 commemoravimus,
1223 2786 1269 2823 et
1290 2780 1423 2823 3200
1446 2794 1541 2834 sqq.
1601 2780 1654 2823 cf.
1678 2780 1784 2824 Frei
1801 2779 1984 2836 Quaest.
2058 2803 2059 2806 =

288 2847 471 2897 Protag.
507 2863 544 2902 p.
580 2852 679 2904 183)
712 2851 839 2903 plura
874 2853 1011 2894 verba
1034 2853 1231 2895 dicentes
1252 2852 1508 2894 introducit.
1574 2853 1683 2895 Nam
1715 2852 1784 2896 his
1811 2863 1985 2906 quoque

289 2920 394 2960 loeis
418 2932 510 2962 eum
540 2924 773 2965 sententiis
803 2924 1038 2977 verbisque
1063 2924 1323 2977 quibusdam
1346 2929 1574 2967 auctorum
1605 2936 1725 2967 usum
1754 2935 1851 2967 esse
1872 2922 1986 2967 satis
2058 2956 2059 2966 ,

289 2996 483 3042 constan
516 3005 656 3045 neque
701 3007 806 3037 vero
850 3008 973 3048 quem
1022 2997 1078 3038 ad
1125 2996 1294 3038 modum
1328 3008 1382 3038 ea
1414 2995 1701 3048 exscripserit
1742 2994 1988 3038 diiudicare
2055 3023 2059 3025 -
