2080 3424
1082 349 1139 392 48

1187 409 1263 421 -·-§

265 492 331 533 ita
361 490 468 533 inud
507 490 790 534 Antisthenis
833 493 910 534 οὐκ
949 492 1035 534 ἔστι
1077 491 1306 546 ψεύδεσθαι
1344 492 1418 544 (cf.
1458 503 1594 545 supra
1626 504 1666 545 p.
1689 491 1768 548 36)
1798 476 1968 537 iaudat.

265 564 324 606 Et
372 574 501 616 quam
549 563 659 605 scite
714 561 841 605 Plato
898 561 1204 605 Antisthenem
1257 562 1432 605 laudat!
1500 562 1806 617 Euthydemus
1855 564 1969 608 enim

264 638 388 677 recta
434 634 509 676 via
555 634 638 675 hoc
686 632 832 686 potuit
868 633 1033 676 dicere:
1082 635 1161 691 οὐχ
1197 634 1282 678 οἶόν
1319 631 1356 676 τ’
1387 635 1473 677 ἔστι
1510 635 1754 690 ψεύδεσθαι.
1816 633 1970 689 Neque

263 711 408 749 tamen
462 707 506 748 id
562 705 704 758 ipsum
742 705 875 748 Plato
924 706 1152 759 exscribit,
1201 707 1279 749 sed
1320 706 1645 760 Euthydemum
1686 705 1858 750 mavult
1902 706 1971 750 ita

262 778 555 832 interrogare,
604 781 653 819 ut
709 776 822 819 idem
872 778 988 830 quod
1032 778 1324 821 Antisthenes
1367 782 1514 832 neget.
1578 777 1750 821 Deinde
1799 777 1969 834 Euthy-

262 851 410 892 demus
460 849 678 902 paradoxi
738 848 1183 903 argumentationem,
1248 850 1372 892 cuius
1431 861 1640 892 summam
1698 849 1862 892 eisdem
1913 861 1969 893 ex

261 920 495 963 sententiis
541 919 665 973 facit,
709 932 731 963 e
770 920 928 973 quibus
974 921 1266 964 Antisthenes
1312 920 1422 964 illud
1474 923 1552 965 οὐκ
1604 921 1690 965 ἔστι
1736 919 1970 978 ψεύδεσθαι

260 992 516 1046 collegerat,
572 991 664 1035 eius
711 1003 831 1035 more
884 992 1121 1035 concludit.
1185 992 1444 1036 Sententiae
1489 992 1664 1046 quidem
1714 1004 1802 1036 non
1846 1004 1968 1047 repe-

260 1068 427 1118 tuntur,
476 1063 591 1106 sicut
635 1063 745 1106 illud
783 1076 913 1106 unum
953 1063 1165 1117 placitum
1204 1065 1284 1107 sed
1316 1068 1656 1118 commutantur,
1704 1068 1754 1107 ut
1799 1063 1968 1119 Euthy-

259 1137 371 1179 demi
438 1140 484 1179 et
547 1134 745 1189 Ctesippi
813 1136 1059 1189 disputatio
1125 1135 1221 1178 fiat.
1305 1136 1428 1191 Quae
1481 1139 1694 1189 quantum
1764 1136 1823 1178 ad
1882 1136 1969 1179 An·

259 1208 494 1250 tisthenem
556 1207 793 1260 pertineat,
853 1206 984 1251 facile
1045 1208 1253 1262 cognosci
1315 1211 1477 1261 potest.
1555 1208 1668 1251 Nam
1719 1208 1777 1262 id,
1848 1208 1967 1261 quod

258 1279 561 1333 Euthydemus
615 1278 752 1322 28:31⁴]
805 1278 935 1321 dicit:
989 1278 1173 1337 Πότερον
1226 1280 1402 1336 λέγοντα
1443 1282 1490 1323 τὸ
1533 1287 1716 1337 πρᾶγμα,
1768 1281 1860 1336 περὶ
1917 1277 1967 1323 οὗ

257 1354 305 1394 ἂν
346 1351 368 1392 6
410 1352 532 1407 λόγος
562 1351 602 1407 ᾖ,
634 1353 661 1407 ἢ
694 1353 748 1407 μὴ
780 1349 978 1407 λέγοντα;
1011 1350 1293 1393 Antisthenis
1326 1352 1476 1395 οἰκεῖον
1507 1349 1633 1407 λόγον
1665 1349 1739 1398 (cf.
1772 1349 1964 1394 Aristot.

257 1423 452 1476 Metaph.
470 1422 534 1464 IV
551 1423 625 1474 29>
649 1421 885 1476 significat,
911 1434 1038 1476 quem
1059 1421 1202 1476 ipsum
1225 1434 1398 1475 quoque
1415 1421 1580 1476 verbis,
1605 1434 1718 1476 quae
1739 1425 1962 1475 secuntur,

256 1495 435 1537 subesse
472 1493 614 1548 magis
653 1495 930 1547 perspicuum
969 1498 1059 1537 est:
1101 1494 1266 1538 Οὐκοῦν
1303 1496 1416 1551 εἴπερ
1453 1494 1564 1550 λέγει
1604 1494 1719 1550 αὐτὸ,
1750 1495 1828 1537 οὐκ
1859 1493 1967 1537 ἄλλο

256 1567 366 1622 λέγει
403 1574 485 1609 τῶν
526 1568 654 1609 ὄντων
694 1568 721 1622 ἢ
753 1567 900 1619 ἐκεῖνο,
934 1567 1035 1623 ὅπερ
1067 1566 1201 1622 λέγει;
1233 1566 1303 1607 Ad
1335 1565 1659 1609 conclusionem
1690 1565 1964 1619 probandam

256 1638 557 1691 propositione
597 1636 746 1691 priore
784 1637 866 1680 hoc
898 1638 1026 1681 modo
1068 1637 1192 1680 facta
1222 1636 1355 1679 Plato
1387 1637 1576 1679 alteram
1609 1637 1672 1680 sic
1703 1637 1848 1680 addit:
1880 1634 1965 1680 ‘'Ev

255 1712 332 1766 μὴν
363 1710 531 1752 κάκεῖνὸ
568 1707 608 1765 γ’
638 1710 724 1753 ἐστὶ
755 1717 837 1753 τῶν
875 1712 1018 1764 ὄντων,
1051 1711 1073 1752 ὃ
1105 1709 1231 1765 λέγει,
1268 1709 1395 1766 χωρὶς
1425 1716 1508 1752 τῶν
1540 1709 1692 1753 ἄλλων.
1754 1708 1871 1752 Πάνυ
1900 1723 1964 1765 γε.

255 1781 417 1824 Οὐκοῦν
450 1781 472 1821 6
504 1782 636 1824 ἐκεῖνο
669 1781 803 1837 λέγων
834 1783 881 1824 τὸ
913 1783 972 1835 ὃν,
1005 1783 1100 1838 ἔφη,
1132 1781 1264 1837 λέγεις
1306 1781 1400 1824 Ναί.
1462 1781 1570 1823 lude
1603 1780 1686 1823 hoc
1716 1779 1963 1834 colligitur:

254 1852 362 1895 ἀλλὰ
394 1856 472 1909 μὴν
504 1854 525 1894 ὅ
556 1868 605 1908 γε
636 1855 682 1895 τὸ
715 1855 760 1896 ὃν
800 1853 935 1909 λέγων
975 1855 1046 1896 καὶ
1085 1855 1138 1896 τὰ
1175 1853 1275 1896 ὄντα
1306 1853 1474 1909 τάληθῆ
1506 1852 1638 1909 λέγει·
1679 1853 1787 1895 ὥστε
1816 1850 1840 1894 ὁ
1872 1851 1965 1895 Διο-

254 1924 496 1981 νυσόδωρος,
540 1927 653 1982 εἴπερ
698 1925 809 1981 λέγει
854 1927 905 1968 τὰ
949 1926 1060 1979 ὄντα,
1106 1924 1217 1980 λέγει
1262 1925 1430 1980 τάληθῆ
1470 1926 1540 1966 καὶ
1583 1924 1701 1967 οὐδὲν
1739 1925 1850 1967 κατὰ
1888 1929 1966 1967 σοῦ

252 1998 457 2051 ψεύδεται.

370 2067 460 2110 Nec
481 2068 622 2111 minus
654 2081 784 2122 quam
806 2069 850 2111 in
874 2068 957 2111 hac
979 2067 1149 2122 dialogi
1171 2072 1302 2121 parte
1324 2066 1615 2110 Antisthenes
1643 2079 1684 2120 p.
1708 2067 1795 2110 284
1809 2066 1842 2110 C
1864 2078 1962 2120 sqq.

261 2140 509 2193 respicitur.
573 2139 684 2182 Nam
731 2141 790 2191 id,
839 2141 955 2193 quod
1004 2139 1238 2193 Ctesippus
1284 2138 1578 2192 Euthydemo‚
1627 2138 1702 2191 qui
1751 2139 1967 2182 neminem

262 2211 438 2253 mentiri
469 2223 612 2264 posse,
647 2213 724 2254 sed
756 2223 1105 2265 unumquemque
1136 2222 1288 2254 verum
1321 2209 1468 2253 dicere
1496 2210 1801 2264 contenderat,
1835 2221 1966 2264 oppo-

256 2283 345 2324 suit
384 2283 489 2333 (284
504 2283 574 2335 C):
613 2283 677 2340 Νὴ
712 2283 802 2338 Δία,
834 2285 912 2340 ἔφη
946 2285 968 2326 6
999 2283 1255 2340 Κτήσιππος,
1289 2281 1322 2325 ὦ
1353 2282 1598 2338 Εὐθύδημε·
1631 2281 1743 2324 ἀλλὰ
1778 2284 1829 2325 τὰ
1864 2283 1966 2325 ὄντα

251 2356 322 2409 μὲν
353 2355 505 2411 τρόπον
535 2357 624 2397 τινα
655 2355 779 2411 λέγει,
818 2357 866 2397 οὐ
898 2355 1034 2411 μέντοι
1074 2356 1130 2404 ὥς
1160 2369 1208 2410 γε
1244 2354 1343 2411 ἔχει,
1374 2352 1711 2406 Dionysodorus
1743 2352 1799 2395 ad
1837 2363 1962 2395 suam

251 2427 513 2468 sententiam
555 2427 694 2479 ipsam
733 2426 1074 2469 confirmandam
1114 2425 1266 2468 statim
1301 2425 1485 2478 excipit:
1518 2424 1615 2476 Πῶς
1648 2424 1794 2480 λέγεις,
1825 2425 1905 2481 ἔφη
1937 2423 1962 2465 6

250 2497 564 2554 Διονυσόδωρος,
604 2497 636 2540 ὦ
674 2498 914 2555 Κτήσιππε;
960 2498 1036 2541 εἰσί
1077 2498 1157 2554 γάρ
1201 2512 1318 2551 τινες,
1356 2498 1394 2540 οἳ
1430 2496 1597 2552 λέγουσι
1642 2497 1695 2538 τὰ
1737 2496 1962 2552 πράγματα

250 2568 304 2619 ὡς
335 2570 441 2623 ἔχει;
479 2570 553 2611 εἰσί
592 2568 741 2625 μέντοι,
780 2571 874 2626 ἔφη,
915 2569 952 2613 οἱ
989 2570 1111 2613 καλοὶ
1149 2570 1337 2625 κάγαθοὶ
1374 2569 1445 2611 καί
1476 2568 1514 2610 οἱ
1553 2567 1722 2623 τάληθῆ
1756 2566 1960 2623 λέγοντες.

251 2638 299 2680 Τί
331 2640 420 2693 οὖν;
451 2639 477 2696 ἧ
510 2638 552 2683 δ’
583 2642 644 2690 ὃς·
678 2641 850 2696 τάγαθὰ
881 2643 958 2684 οὐκ
989 2639 1047 2694 εὖ,
1087 2642 1181 2697 ἔφη,
1219 2642 1318 2697 ἔχει,
1358 2642 1410 2682 τὰ
1440 2640 1485 2682 δὲ
1516 2640 1630 2681 κακὰ
1659 2645 1824 2693 κακῶςς
1856 2636 1957 2681 Dio-

248 2711 512 2762 nysodorum
544 2711 614 2754 hic
646 2712 758 2755 idem
782 2713 1005 2755 decretum
1037 2711 1263 2763 adhibere,
1298 2711 1414 2763 quod
1443 2709 1766 2763 Euthydemum
1799 2708 1888 2752 283
1903 2708 1955 2763 Ε,
2019 2757 2021 2759 ,

249 2782 333 2823 284
378 2783 501 2835 sequi
539 2795 674 2836 supra
712 2783 1130 2837 demonstravimus,
1171 2781 1454 2825 Antisthenis
1498 2782 1647 2824 οἰκεῖον
1688 2781 1825 2838 λόγον,
1871 2790 1958 2834 quo

249 2864 350 2894 usus
384 2854 613 2906 unicuique
646 2854 710 2897 rei
743 2854 850 2897 nihil
884 2855 1002 2897 aliud
1036 2853 1225 2897 attribui
1258 2865 1388 2907 posse
1419 2851 1504 2895 nisi
1537 2851 1595 2905 id,
1629 2852 1747 2905 quod
1778 2863 1827 2894 re
1859 2850 1960 2905 ipsa

249 2923 480 2976 diceretur,
514 2927 743 2968 contendit
771 2928 1014 2984 (ἄνθρωπος
1049 2926 1271 2983 ἄνθρωπός
1297 2926 1406 2968 ἐστιν
1434 2924 1487 2967 cf.
1511 2923 1628 2966 Plat.
1653 2922 1784 2977 Soph.
1810 2920 1956 2976 2510,

248 2993 397 3036 Urban
439 3008 477 3047 p.
506 2998 574 3047 18)
613 3003 659 3038 et
696 2999 751 3039 ad
793 2997 922 3040 ullam
962 3010 1052 3041 rem
1093 2995 1383 3040 definiendam
1422 3007 1509 3038 non
1548 2995 1665 3048 quid.
1705 2995 1783 3038 sed
1825 2993 1957 3048 quale
