2080 3424
1074 324 1130 366 46

255 469 299 510 in
332 467 551 510 rationem
590 465 743 509 vertit.
807 465 918 508 Nam
958 477 1053 508 cum
1091 477 1181 518 eos,
1221 465 1380 518 quibus
1414 463 1696 508 Antisthenis
1733 468 1888 519 partes
1918 467 1966 508 et

261 539 428 592 platica
460 538 720 591 impertivit,
754 537 956 590 irrideat,
989 548 1086 578 eum
1116 537 1258 589 ipsum
1289 535 1480 580 ludibrio
1514 536 1651 579 habet
1682 547 1825 590 neque
1857 547 1964 580 vero

255 610 420 653 rustice
462 612 653 651 tractat:
698 619 783 661 quo
822 608 965 662 magis
1006 607 1107 650 illos
1149 607 1403 661 cavillatur,
1446 620 1498 650 eo
1537 607 1840 652 vehementius
1878 607 1963 651 An-

256 682 492 724 tisthenem
542 681 683 733 ipsum
727 678 885 733 carpit.
948 679 1014 722 Ac
1058 678 1259 732 profecto
1306 678 1528 733 sapient-ia
1574 678 1878 733 Dionysodori
1919 683 1966 723 et

253 753 534 806 Euthydemi,
585 752 659 804 qui
705 752 747 793 in
797 763 975 794 numero
1023 750 1321 804 sophistarum
1368 751 1543 794 illorum
1594 751 1963 794 nobilissimorum

254 837 341 867 non
390 823 570 866 fuerunt
614 823 810 878 (Bouitz,
856 835 895 876 p.
935 822 1051 878 133),
1091 822 1238 866 acrius
1277 822 1473 866 derideri
1513 823 1590 866 vix
1627 826 1790 876 potest.
1853 822 1962 866 Nam

257 896 423 938 fratres
445 895 542 948 ipsi,
568 906 655 947 qua
677 897 780 937 sunt
801 905 967 936 summa
990 894 1234 948 cupiditate
1256 893 1445 948 rixandi,
1475 898 1575 937 arte
1596 905 1678 937 sua
1699 893 1808 938 elati
1829 895 1965 938 risum

255 973 447 1010 movent.
502 966 655 1019 Neque
687 967 799 1009 enim
831 966 959 1009 modo
991 966 1077 1008 273
1095 966 1148 1019 D,
1183 967 1260 1009 sed
1293 966 1427 1008 etiam
1459 966 1600 1009 275A
1632 965 1679 1008 iu
1711 966 1881 1010 virtute
1911 977 1965 1009 ac

256 1039 479 1092 sapientia
511 1038 675 1091 optime
708 1041 754 1081 et
786 1037 1014 1081 celerrime
1045 1038 1254 1080 docendis
1286 1050 1334 1081 se
1365 1038 1551 1081 iactant.
1612 1036 1699 1080 Sed
1730 1037 1807 1081 vix
1837 1037 1965 1081 huius

253 1111 367 1153 artis
400 1109 640 1164 periculum
670 1108 886 1163 fecerunt,
925 1122 1021 1152 cum
1060 1108 1269 1152 Socrates
1308 1113 1542 1163 utrumque
1582 1121 1732 1152 eorum
1764 1107 1963 1164 Cliniam,

257 1194 442 1235 quocum
504 1181 712 1224 collocuti
774 1185 890 1235 sunt,
948 1180 1140 1224 ludibrio
1194 1181 1358 1224 habere
1418 1193 1560 1234 neque
1619 1181 1677 1223 ad
1733 1181 1964 1224 scientiam

256 1255 396 1307 ipsam
445 1254 666 1296 adducere
713 1254 817 1308 (277
838 1253 892 1307 D,
940 1252 1144 1309 278ΒΟ>
1196 1257 1366 1295 narrat.
1429 1252 1502 1295 Ita
1553 1252 1816 1306 praesertim
1867 1252 1964 1296 loco

258 1325 505 1378 posteriore
550 1326 653 1379 (278
670 1325 727 1367 Β;
775 1333 907 1368 ταῦτα
944 1326 994 1382 δὴ
1025 1331 1107 1368 τῶν
1146 1324 1408 1382 μαθημάτων
1445 1325 1616 1368 παιδιά
1645 1325 1744 1368 ἐστι.
1806 1324 1893 1367 278
1910 1323 1962 1367 C:

256 1405 387 1440 ταῦτα
438 1399 510 1453 μὲν
561 1395 633 1440 οὖν
679 1413 744 1440 σοι
791 1399 903 1454 παρὰ
949 1397 1106 1440 τούτων
1157 1397 1296 1453 νόμιζε
1342 1397 1541 1440 παιδιὰν
1577 1394 1809 1452 γεγονέναι)
1839 1396 1965 1451 Anti-

258 1469 427 1510 sthenis
458 1469 660 1522 παιδείαν,
696 1481 820 1522 quae,
856 1467 1058 1521 quamvis
1090 1480 1143 1511 ea
1170 1467 1402 1522 glorietur,
1435 1467 1578 1511 παιδιά
1605 1468 1678 1521 sit,
1710 1466 1964 1522 significare

256 1540 434 1583 videtur
455 1541 626 1592 (Urban
648 1553 689 1593 p.
713 1540 774 1594 9).
808 1539 974 1583 Postea
1003 1540 1110 1594 (299
1125 1539 1179 1594 Ο)
1202 1539 1412 1583 Socrates
1439 1539 1676 1593 sophistas,
1695 1550 1806 1592 quos
1822 1538 1964 1582 276D

258 1625 351 1654 cum
394 1612 687 1654 saltatoribus
729 1612 1020 1665 comparavit,
1063 1623 1283 1654 armorum
1325 1612 1532 1654 doctores
1569 1609 1781 1665 appellat.
1843 1609 1965 1654 Alibi

255 1683 460 1727 Platonis
492 1683 728 1726 ludibrium
761 1684 911 1726 verbis
947 1684 1056 1737 ipsis
1095 1695 1181 1726 non
1216 1684 1436 1736 depictum
1469 1695 1524 1726 ex
1555 1682 1631 1734 eiS,
1666 1694 1779 1735 quae
1810 1682 1963 1726 Socra-

258 1760 325 1797 tes
358 1767 523 1797 summa
564 1755 858 1798 admiratione
897 1759 1054 1809 captus
1092 1756 1146 1798 de
1185 1754 1484 1808 sophistarum
1523 1758 1622 1796 arte
1661 1754 1782 1807 dicit,
1822 1752 1963 1797 conici

260 1830 409 1879 potest
449 1828 553 1880 (283
574 1829 623 1881 A,
671 1827 756 1870 286
771 1827 822 1881 Ε,
863 1828 945 1871 287
966 1826 1011 1881 C,
1052 1827 1137 1869 294
1162 1828 1209 1881 Α,
1249 1827 1335 1870 295
1351 1826 1404 1879 Ε,
1445 1826 1532 1869 302
1548 1826 1600 1879 A,
1639 1826 1726 1869 303
1743 1826 1813 1879 B).
1876 1824 1963 1870 Sed

258 1898 436 1952 longum
484 1903 553 1942 est
600 1912 678 1952 per
722 1902 865 1942 totum
910 1899 1131 1953 dialogum
1178 1899 1396 1952 persequi,
1444 1899 1659 1952 quomodo
1720 1897 1854 1940 Plato
1897 1908 1963 1940 so-

259 1969 501 2022 phistarum
536 1972 739 2025 argutias
771 1971 984 2014 acerrime
1016 1972 1217 2013 irrideat.

375 2041 526 2094 Neque
570 2055 678 2085 vero
722 2044 849 2085 modo
894 2043 1086 2086 ludibrio
1131 2054 1206 2085 eos
1249 2041 1398 2094 habet,
1444 2043 1523 2084 sed
1561 2041 1694 2083 etiam
1736 2040 1963 2084 vehemen—

258 2113 425 2156 tissime
459 2116 617 2156 contra
649 2126 724 2157 eos
758 2118 942 2169 pugnat.
999 2113 1252 2167 Ctesippum
1286 2114 1399 2156 enim
1430 2113 1562 2155 Plato
1595 2113 1707 2156 satis
1740 2112 1871 2166 plane
1903 2112 1963 2155 di-

256 2189 427 2227 centem
471 2186 695 2238 sophistas
740 2186 932 2240 ineptias
978 2185 1178 2240 proferre
1222 2185 1345 2228 facit.
1415 2183 1499 2228 Sed
1546 2184 1755 2228 Socrates
1799 2183 1963 2227 tectius

256 2259 391 2308 atque
432 2257 643 2300 urbanius
683 2257 797 2301 idem
839 2257 1137 2311 consequitur.
1201 2257 1312 2299 Nam
1350 2260 1396 2300 et
1434 2256 1653 2309 colloquio
1692 2267 1787 2298 cum
1819 2253 1963 2299 Clinia

259 2327 423 2381 habito,
470 2330 685 2381 quomodo
729 2329 910 2373 iuvenes
955 2330 1010 2372 ad
1055 2328 1377 2383 philosophiam
1417 2331 1553 2381 atque
1590 2328 1801 2370 virtutem
1839 2325 1962 2369 insti-

258 2398 410 2440 tuendi
458 2399 567 2453 sint,
616 2402 764 2454 docet,
815 2405 860 2444 et
907 2401 1132 2455 sophistas
1179 2399 1442 2453 sapientiam
1490 2403 1714 2442 vetustam
1760 2396 1962 2452 proferre

258 2470 546 2513 demonstrat.
631 2471 767 2526 Quem
821 2474 876 2515 ad
928 2472 1057 2516 finem
1108 2471 1361 2524 Prodicum,
1414 2472 1536 2513 cuius
1588 2471 1641 2512 de
1690 2474 1814 2513 recto
1866 2481 1962 2513 ver-

260 2540 411 2583 borum
459 2555 539 2584 usu
586 2545 850 2587 sententiam
899 2544 1235 2599 Dionysodorus
1287 2547 1422 2596 atque
1469 2541 1773 2596 Euthydemus
1821 2541 1962 2585 secuti

259 2611 361 2664 sint,
412 2614 549 2657 277ss
598 2616 751 2658 laudat
798 2620 842 2659 et
890 2616 1052 2658 multos
1091 2615 1200 2658 nihil
1245 2614 1408 2668 opponi
1451 2625 1581 2667 posse
1625 2616 1751 2656 ratos
1795 2623 1961 2656 summa

259 2695 306 2724 sc
349 2696 441 2726 cum
484 2685 776 2729 admiratione
817 2687 1042 2730 audivisse
1088 2686 1207 2729 dicit.
1276 2685 1427 2739 Neque
1471 2685 1583 2728 enim
1622 2684 1763 2727 miuus
1804 2683 1959 2727 Prota·

261 2766 418 2803 gor-eos
467 2769 596 2809 quam
629 2759 798 2811 priores
832 2758 1115 2812 philosophos
1147 2758 1230 2801 hoc
1263 2756 1429 2811 placito
1462 2768 1565 2799 usos
1593 2768 1689 2799 esse
1722 2754 1830 2811 (286
1845 2753 1959 2809 BC).

260 2823 344 2866 Sed
408 2827 708 2871 vehementius
772 2829 838 2872 his
900 2830 1100 2873 omnibus
1162 2829 1294 2872 rebus
1346 2828 1635 2871 Antisthenes
1697 2829 1959 2882 argumento

260 2896 426 2950 dialogi
488 2899 582 2951 ipso
647 2900 862 2955 tangitur,
926 2913 1011 2954 quo
1063 2900 1196 2944 Plato
1259 2900 1304 2942 id
1366 2903 1555 2953 spectat,
1619 2902 1669 2941 ut
1729 2909 1817 2942 non
1867 2900 1959 2941 tam

260 2967 557 3019 sophistarum
605 2984 733 3024 quam
782 2972 874 3015 eius
919 2973 1056 3026 ipsius
1099 2971 1293 3014 artificia
1336 2971 1598 3025 sapientiam
1642 2969 1958 3020 assimulatam,
