2080 3424
957 338 1013 383 57

90 477 338 525 mones
366 479 425 523 ad
455 482 662 523 auctores
692 492 721 523 a
750 481 1043 535 scriptoribus
1088 481 1344 537 exagitatos
1380 483 1647 537 pertineant,
1678 486 1724 526 et
1760 492 1827 533 ea,

93 557 254 612 quae
291 560 428 605 supra
464 550 518 594 de
558 550 819 605 aequalibus
858 551 1053 596 laudatis
1096 553 1415 606 mustitanum,
1447 551 1751 597 confirmamus
1781 556 1828 596 et

92 627 221 671 m
251 620 341 666 nisi
374 621 660 676 impugnandi
695 634 831 666 causa
871 635 958 667 non
1005 622 1179 667 laudari
1223 623 1381 668 solitos
1425 635 1523 668 esse
1567 622 1827 678 conigium.

94 689 238 753 Q
281 703 379 736 enm
424 704 472 736 re
517 694 739 747 convenit,
773 695 888 748 quod
934 694 1106 749 plurimi
1149 694 1351 739 Platonis
1390 694 1557 750 dialogi
1598 700 1646 739 et
1687 692 1829 750 prima

91 762 414 822 Mnimum
429 763 779 808 Memorabilium
805 776 909 819 pars
933 765 1004 808 vel
1025 766 1309 820 impugnandi
1330 765 1401 811 vel
1416 764 1680 810 defendendi
1694 775 1831 809 causa

91 833 308 892 βαίνω
326 838 446 880 sunt.
487 835 579 879 Nec
599 836 740 879 minus
756 835 979 880 Isocrates
996 837 1155 890 partim
1178 840 1298 880 totas
1319 836 1558 889 orationes,
1580 835 1828 892 (Helenam,

92 914 104 918 ”
122 903 400 971 fmdem,
433 908 678 951 orationem
700 907 916 951 adversus
943 906 1168 961 sophistas
1189 907 1421 962 scriptam)
1442 914 1601 951 contra
1620 905 1830 961 aequales

103 987 106 989 ’
133 978 352 1036 quosdam
382 977 577 1033 scripsit,
612 977 840 1032 partimin
871 979 1118 1022 orationum
1141 978 1373 1032 prooemiis
1403 983 1450 1022 et
1470 977 1578 1022 alibi
1600 977 1830 1022 occasione

136 1050 250 1096 «Ιβω
292 1053 452 1095 contra
497 1050 782 1093 adversarios
828 1061 931 1093 suos
982 1058 1175 1110 pugnat..
1227 1050 1312 1093 Sed
1358 1049 1416 1092 ab
1462 1061 1516 1092 ea
1566 1049 1830 1103 scriptorum

79 1181 81 1183 K
134 1119 411 1168 Graecorum
427 1121 755 1173 consuetudine,
780 1132 909 1175 quam
931 1120 1129 1173 diximus,
1153 1120 1353 1164 historici
1367 1131 1687 1174 nonnumquam
1703 1119 1831 1163 dece·

136 1193 264 1239 dunt.
308 1192 437 1238 Nam
480 1192 749 1245 Herodotus,
793 1204 888 1235 cum
932 1203 1003 1235 res
1043 1191 1235 1245 scriptas
1275 1196 1320 1234 et
1362 1195 1572 1235 narratas
1618 1202 1702 1234 non
1745 1189 1831 1233 dis·

136 1266 311 1331 cernat,
341 1263 520 1319 saepius
564 1275 650 1317 res,
683 1275 793 1317 quas
836 1262 990 1306 auditu
1035 1267 1282 1316 compertas
1325 1261 1472 1314 habet,
1505 1260 1653 1305 adfert
1690 1272 1831 1315 neque

138 1334 319 1383 refellit.
389 1336 539 1390 Atque
590 1334 837 1388 Xenophon
887 1333 1239 1388 Themistogenis
1289 1334 1459 1377 nomine
1504 1344 1627 1376 sunm
1673 1331 1829 1375 librum

137 1408 196 1455 de
224 1407 508 1464 expeditione
539 1406 645 1461 cyri
681 1406 893 1460 scriptum
925 1405 1090 1455 laudat,
1125 1418 1178 1449 ne
1210 1405 1320 1448 idem
1353 1404 1421 1447 bis
1442 1408 1610 1448 narret.
1662 1401 1832 1459 Quibus

138 1480 273 1527 rebus
293 1480 493 1534 exceptis
524 1491 589 1532 ea,
613 1490 727 1533 quae
758 1478 1077 1530 constituimus,
1102 1476 1266 1520 valent.
1318 1475 1422 1519 Cum
1450 1476 1582 1519 etiam
1603 1477 1831 1518 suetorum

138 1550 436 1598 vetustiorum
467 1549 717 1595 sententiae
765 1554 814 1592 ut
851 1548 1093 1593 reiciantur
1124 1548 1298 1602 saepius
1336 1547 1582 1597 laudentur,
1614 1557 1744 1599 quam
1782 1548 1832 1588 ut

137 1623 496 1679 comprobentur,
545 1622 627 1665 hoc
673 1621 830 1665 merito
877 1619 1022 1663 dicere
1069 1630 1307 1673 possumus,
1355 1618 1596 1671 scriptores
1635 1615 1832 1660 Graecos

137 1694 255 1740 alios
282 1707 371 1740 non
402 1694 586 1738 laudare
618 1692 703 1736 nisi
735 1704 845 1746 quos
877 1690 1072 1734 refutent
1109 1695 1186 1734 aut
1218 1688 1553 1744 reprehendant.
1617 1688 1833 1730 Auctores

139 1768 207 1814 sic
261 1778 360 1812 esse
416 1766 624 1810 laudatos
680 1777 767 1809 non
824 1763 960 1807 multo
1018 1768 1248 1817 postquam
1306 1760 1455 1804 soluta
1510 1759 1712 1802 oratione
1768 1758 1833 1801 uti

139 1843 344 1896 coeptum
373 1846 456 1892 est,
489 1850 543 1882 ex
565 1836 763 1891 reliquiis
786 1834 1003 1879 Heracliti
1034 1834 1250 1885 discimus,
1281 1831 1355 1886 qui
1382 1830 1494 1874 alios
1514 1830 1700 1884 quidem,
1723 1840 1833 1883 qnos

139 1910 440 1967 reprehendit,
505 1908 760 1954 nominatim
826 1906 988 1957 adfert,
1054 1903 1424 1949 Anaximandrum
1488 1906 1647 1950 autem.
1710 1899 1834 1943 cuius

141 1981 348 2028 doctrina
393 1981 575 2026 videtur
627 1992 731 2023 usus
783 1990 892 2030 esse,
938 1982 1057 2021 tacet
1106 1974 1261 2028 (Diels,
1318 1970 1594 2015 Herakleitos
1636 1984 1672 2012 v.
1719 1967 1831 2025 Eph.

141 2067 183 2110 p.
206 2053 328 2109 VII),
358 2065 448 2109 qua
478 2054 533 2097 de
565 2064 614 2096 re
645 2057 689 2095 et
718 2051 761 2094 id
795 2049 1000 2094 contendi
1021 2048 1178 2091 merito
1211 2051 1370 2099 potest,
1403 2043 1667 2097 scriptorum
1698 2041 1834 2086 Grae·

141 2137 293 2171 corum
323 2125 682 2170 consuetudinem
714 2127 919 2166 auctores
949 2118 1176 2163 adserendi
1209 2129 1231 2160 e
1265 2127 1410 2171 pugna
1432 2114 1617 2158 alterius
1638 2111 1835 2156 auctoris

140 2198 186 2244 in
217 2196 407 2244 alterum
439 2197 562 2241 edita
594 2200 736 2238 ortum
769 2205 879 2237 esse.
931 2191 1053 2247 Quae
1086 2202 1180 2232 cum
1213 2189 1276 2231 ita
1307 2188 1410 2233 sint.
1441 2189 1668 2229 auctorum
1697 2182 1835 2226 verba

141 2282 171 2315 a
205 2269 436 2315 veteribus
479 2266 771 2322 scriptoribus
815 2263 998 2308 Graecis
1044 2260 1332 2315 posteriorum
1379 2257 1601 2301 rhetorum
1648 2259 1693 2298 et
1732 2254 1833 2297 scri·

143 2345 319 2397 ptornm
369 2340 498 2384 modo
549 2338 722 2382 laudari
774 2348 859 2380 non
912 2334 1105 2388 potuisse
1146 2330 1453 2383 intellegimus.
1530 2326 1836 2382 Quaecumque

142 2413 258 2459 enim
289 2412 431 2458 verba
462 2411 660 2463 laudata,
693 2421 787 2453 cum
820 2404 1105 2462 pulcherrime
1136 2410 1179 2445 et
1213 2399 1554 2444 commodissime
1585 2398 1706 2440 dicta
1731 2396 1835 2447 sint,

143 2485 356 2538 auctoris,
389 2484 465 2539 qui
486 2483 652 2534 laudat,
686 2479 823 2535 ipsius
854 2484 931 2521 aut
963 2475 1225 2519 sententiam
1249 2476 1456 2526 repetunt
1486 2474 1560 2513 aut
1592 2468 1835 2511 orationem

142 2554 381 2601 luminibus
412 2555 587 2599 dicendi
619 2552 859 2602 illustrant,
895 2549 1115 2592 rhetorum
1148 2544 1273 2587 modo
1302 2542 1484 2586 laudata
1511 2545 1626 2583 sunt.
1682 2537 1837 2591 ltaque

142 2627 262 2683 apud
284 2630 461 2672 veteres
488 2626 730 2679 scriptores
751 2620 948 2666 Graecos
977 2617 1113 2661 verba
1139 2615 1201 2658 sic
1226 2614 1407 2657 laudata
1434 2623 1519 2655 uon
1542 2609 1835 2659 inveniuntur,

145 2698 270 2744 cuius
299 2698 367 2743 rei
398 2698 517 2742 aliud
549 2700 853 2751 argumentum
901 2703 952 2734 ex
1001 2690 1077 2739 eis,
1110 2698 1223 2740 quae
1268 2683 1397 2739 paulo
1443 2686 1539 2736 post
1585 2678 1836 2728 scribemus.

145 2769 376 2816 efficietur.
439 2769 535 2813 Hac
566 2767 797 2811 occasione
829 2765 936 2806 data
975 2773 1028 2803 ne
1063 2769 1216 2801 versus
1256 2755 1427 2810 quidem
1460 2753 1681 2796 rhetorum
1709 2749 1837 2793 modo

147 2854 176 2887 a
220 2841 449 2887 veteribus
490 2837 783 2893 scriptoribus
829 2833 1011 2878 Graecis
1056 2829 1227 2873 laudari
1273 2826 1415 2869 solere
1458 2823 1710 2873 adnotetur,
1754 2819 1838 2864 nisi

146 2914 263 2969 qnod
309 2924 464 2958 versus
510 2910 640 2954 aliam
691 2909 733 2951 in
781 2904 1043 2949 sententiam
1092 2897 1247 2942 deflexi
1297 2895 1412 2939 illius
1460 2893 1657 2943 rationis,
1709 2901 1837 2945 quam

146 2985 348 3037 diximus,
382 2983 552 3028 initium
586 2980 768 3024 faciunt.
