2080 3424
967 311 996 354 3

0 439 36 462 ³
129 452 207 508 rit,
252 452 487 498 diiudicari
534 454 620 497 iam
666 465 753 497 non
802 458 965 507 potest.
1029 454 1126 497 Hoc
1172 457 1343 496 tantum
1391 453 1540 497 dicere
1591 464 1836 507 possumus,

128 527 308 581 poetam
330 526 547 580 quendam
571 537 773 569 versuum
797 525 1117 568 laudandorum
1140 525 1313 568 initium
1333 523 1493 569 fecisse
1514 523 1672 568 videri.
1724 523 1836 567 Nam

128 607 225 642 eum
254 607 286 641 ι
313 596 589 651 Xenophane
635 596 838 640 similiter
879 602 1016 651 atque
1047 597 1106 640 ab
1137 596 1369 640 Heraclito
1401 595 1560 652 (Diels,
1593 608 1635 650 p.
1664 595 1735 650 53,
1761 595 1836 649 11)

126 666 395 724 reprebendi
468 667 706 713 Homerum
779 674 915 722 atque
977 667 1216 711 Hesiodum
1291 668 1538 721 videamuS,
1600 666 1836 712 Simonidis

129 750 287 784 versus
332 739 523 794 quidam,
571 738 731 793 quibus
778 739 903 782 velut
949 740 987 782 si
1034 739 1228 793 scriptor
1275 739 1495 793 pedestris
1541 739 1615 793 sit,
1658 749 1836 782 versum

126 809 409 856 Homericum
469 810 523 864 (Ζ
586 810 686 862 146)
747 810 916 863 laudat,
978 810 1107 853 nobis
1169 811 1409 854 traduntur
1468 809 1657 866 (Bergk,
1707 809 1833 854 Poet.

126 879 238 939 Lyr.
267 882 428 928 Graec.
476 881 571 925 m⁴
616 882 704 925 425
736 881 789 924 fr.
824 882 916 937 85).
980 881 1041 926 Ut
1087 882 1169 925 hoc
1212 881 1327 926 scire
1359 881 1490 936 parvi
1522 881 1714 930 intersit,
1747 893 1834 925 non

127 957 276 999 tanen
307 951 354 998 id
385 952 706 1008 neglegendum
739 959 822 1006 est,
855 955 972 1007 qnod
1004 965 1092 997 non
1123 953 1261 997 multo
1294 957 1396 1007 post
1427 952 1600 997 initium
1631 951 1835 996 oratione

0 1003 3 1005 .
38 1013 47 1019 ”
126 1023 279 1070 soluta
307 1024 617 1070 conscribendi
638 1025 778 1068 libros
809 1024 974 1068 factum
1007 1036 1073 1077 ea,
1107 1036 1221 1078 quae
1248 1029 1384 1069 antea
1415 1024 1661 1079 composita
1691 1029 1834 1077 erant,

126 1106 244 1152 quae
272 1107 361 1141 uon
393 1095 484 1140 alia
515 1096 609 1140 fere
639 1096 727 1141 nisi
757 1096 954 1139 carmina
986 1095 1123 1139 fuisse
1154 1095 1286 1140 facile
1317 1095 1608 1151 intellegitur,
1641 1094 1835 1139 inlibris

124 1158 496 1224 inspiciebantur.

244 1238 318 1284 Ab
354 1238 587 1283 Heraclito
624 1241 680 1282 ad
721 1244 895 1284 ceteros
932 1240 1175 1293 scriptores
1214 1240 1500 1294 transgressi,
1540 1251 1627 1293 quo
1662 1238 1835 1293 plenius

124 1314 264 1366 atque
298 1311 443 1366 magis
480 1312 733 1355 continuum
771 1312 1038 1365 scriptorum
1075 1323 1215 1365 genus
1247 1310 1422 1354 dicendi
1452 1310 1546 1364 fiat,
1579 1322 1631 1354 eo
1665 1310 1835 1365 plenius

125 1385 336 1427 auctores
357 1381 533 1426 laudari
561 1383 864 1426 observamus.
927 1383 1079 1436 Neque
1106 1383 1219 1426 enim
1241 1382 1497 1426 Herodotus
1529 1385 1666 1436 atque
1696 1381 1835 1426 ceteri

125 1453 371 1508 scriptores
428 1455 629 1498 contenti
690 1459 794 1497 sunt
853 1459 1008 1508 poetas
1066 1453 1311 1506 nominare,
1370 1454 1447 1497 sed
1505 1465 1663 1497 versus
1713 1454 1834 1508 ipsos

124 1524 400 1569 exscribunt.
463 1525 665 1569 Arbitrio
717 1537 797 1569 suo
842 1537 976 1579 saepe
1022 1525 1092 1568 his
1139 1525 1239 1568 illos
1286 1525 1497 1578 adiciunt,
1545 1537 1691 1579 saepe,
1739 1537 1832 1568 cum

125 1607 284 1641 versus
314 1596 511 1650 laudent,
543 1601 751 1641 auctores
782 1597 994 1640 omittunt
1010 1603 1087 1639 aut
1107 1608 1194 1639 non
1222 1601 1432 1640 accurate
1462 1595 1704 1640 nominant.
1766 1596 1832 1639 Ex

124 1667 374 1712 huiusmodi
410 1667 604 1711 locorum
637 1668 918 1712 multitudine
954 1679 1118 1722 paucos
1149 1666 1327 1711 adferre
1358 1667 1464 1710 mihi
1494 1667 1643 1711 liceat.
1706 1667 1832 1724 Quod

127 1738 412 1794 Thucydides
462 1739 576 1791 110,
591 1742 610 1781 l
661 1741 834 1797 ποιητάς
881 1745 928 1783 et
971 1739 1091 1792 15‚2
1135 1743 1229 1791 τοὺς
1277 1738 1479 1790 παλαιοὺς
1528 1746 1612 1783 τῶν
1654 1743 1834 1796 ποιητῶν

125 1813 175 1854 et
193 1809 218 1854 1
241 1810 309 1865 13,
318 1811 348 1855 5
368 1814 464 1864 τοὺς
494 1812 695 1864 παλαιούς
725 1810 887 1864 adfert,
920 1812 974 1854 de
1002 1810 1195 1854 Homero
1224 1810 1426 1865 cogitare
1444 1810 1623 1854 videtur
1644 1810 1831 1865 (Poppo‚

125 1880 326 1937 Thucyd.
358 1883 400 1926 d.
434 1882 476 1925 b.
509 1882 602 1926 Pel.
626 1882 671 1926 ll.
701 1882 809 1926 VIII
842 1894 913 1937 pp.
948 1883 1014 1934 15,
1045 1883 1132 1934 40).
1196 1883 1325 1936 Apud
1358 1881 1697 1936 Xenophontem
1729 1881 1834 1936 legi-

125 1964 221 1997 mus
278 1953 465 1998 Mem.1
486 1955 526 2008 2,
546 1955 621 1997 20:
685 1962 882 2012 μαρτυρεῖ
936 1956 980 1998 δὲ
1035 1957 1105 1997 καὶ
1161 1960 1244 1997 τῶν
1295 1961 1476 2010 ποιητῶν
1525 1956 1548 1997 ὅ
1593 1968 1639 1997 τε
1683 1953 1831 2010 λέγων·

120 2015 331 2071 Εσθλῶν
361 2028 435 2084 μὲν
454 2029 535 2084 γὰρ
566 2022 645 2070 ἀπ’
663 2027 802 2070 ἔσθ-λὰ
832 2026 1010 2079 διδαξεαι
1041 2026 1148 2080 κτλ,
1182 2024 1254 2068 vel
1278 2025 1404 2068 Mem.
1428 2024 1449 2067 I
1482 2025 1522 2078 3,
1540 2025 1588 2068 3:
1620 2024 1833 2082 ἐπαινέτης

123 2093 213 2155 δ’ἦν
231 2105 307 2142 τοῦ
325 2098 450 2151 ἔπους
470 2099 620 2142 τούτου
636 2098 728 2142 Ka&
744 2097 913 2154 δύναμιν
934 2098 1024 2141 κτλ.
1059 2097 1204 2146 Plato,
1223 2109 1318 2139 cum
1338 2096 1403 2140 De
1421 2095 1590 2150 republ
1610 2095 1676 2139 111
1692 2096 1780 2139 392
1793 2095 1832 2138 Ε

127 2179 284 2212 versus
315 2170 526 2224 quosdam
562 2169 715 2212 Iliadis
747 2170 806 2221 (A
833 2170 885 2212 15
907 2168 995 2223 sq.)
1029 2168 1100 2212 vel
1133 2168 1273 2222 Legg.
1299 2167 1382 2211 VII
1420 2168 1506 2212 803
1533 2166 1571 2210 E
1604 2166 1830 2221 Odysseae

123 2240 174 2297 (γ
207 2239 266 2284 26
295 2243 413 2295 sqq.)
445 2241 685 2290 exscribat,
718 2253 805 2284 non
833 2240 967 2284 aliter
998 2240 1083 2283 nisi
1115 2239 1191 2282 illo
1224 2241 1246 2283 ὁ
1277 2240 1449 2296 ποιητής
1479 2243 1704 2282 auctorem
1738 2250 1831 2282 ver-

124 2322 249 2355 suum
280 2317 425 2356 notat.
488 2312 586 2356 Hoc
618 2314 745 2356 modo
777 2312 951 2356 minime
985 2324 1080 2355 eum
1113 2310 1366 2365 significare
1391 2310 1623 2354 Homerum
1656 2315 1831 2363 poetam

122 2380 220 2428 m*
249 2382 399 2442 ἐξοχὴν
429 2395 527 2428 esse
558 2385 660 2427 iude
691 2389 894 2438 apparet,
929 2384 1043 2436 quod
1068 2382 1319 2434 Hesiodum,
1366 2387 1592 2425 auctorem
1627 2393 1830 2424 versuum

125 2451 268 2510 Legg.
300 2454 344 2498 X
375 2455 459 2499 901
495 2456 534 2498 A
567 2454 846 2499 laudatorum
882 2455 979 2508 (Op.
1015 2459 1060 2497 et
1084 2453 1136 2497 D.
1161 2454 1282 2508 303),
1317 2455 1467 2496 eodem
1495 2453 1622 2496 modo
1645 2452 1831 2506 notat.¹)

125 2524 252 2569 Adde
285 2524 365 2570 hos
400 2526 541 2570 locos:
599 2526 704 2581 Lys.
744 2528 831 2569 212
845 2526 896 2581 E,
944 2538 1029 2579 quo
1069 2525 1164 2569 loco
1199 2525 1345 2576 Plato,
1385 2524 1639 2579 priusquam
1676 2535 1830 2567 versus

124 2595 248 2650 ipsos
279 2597 519 2649 exscribat,
564 2596 769 2641 similiter
800 2602 937 2651 atque
959 2596 1206 2650 Xenophon
1239 2598 1262 2640 ὁ
1293 2596 1478 2654 ποιητής,
1521 2597 1567 2647 ὃς
1597 2597 1676 2652 ἔφη
1708 2595 1829 2645 dicit,

124 2671 173 2711 et
204 2666 389 2712 Theaet.
419 2669 500 2713 153
515 2669 568 2721 D,
609 2669 682 2712 ubi
722 2669 941 2713 Hesiodus
982 2680 1028 2711 re
1068 2669 1253 2722 quadem
1286 2680 1309 2711 e
1342 2667 1601 2722 'Plieogonia
1639 2666 1702 2722 (v.
1726 2666 1830 2720 780)

125 2742 303 2792 sumpta
347 2739 627 2795 designatur:
680 2743 729 2784 οὐ
778 2743 859 2797 γὰρ
919 2741 1026 2796 ἄλλη
1073 2741 1182 2796 ἀρχὴ
1229 2740 1471 2796 φιλοσοφίας
1515 2740 1543 2795 ἣ
1589 2739 1706 2795 αὕτη,
1760 2737 1830 2781 καὶ

126 2809 263 2853 ἔοικεν
303 2810 328 2854 ὁ
368 2813 445 2868 τὴν
475 2810 581 2869 Ἰριν
624 2811 845 2869 Θαύματος
889 2814 1059 2867 ἔκγονον
1103 2811 1236 2867 φήσας
1281 2813 1330 2855 οὐ
1372 2817 1514 2862 κακῶς
1556 2809 1828 2867 ramleram

249 2903 282 2948 l)
311 2902 444 2949 Helue,
485 2904 537 2942 lle
570 2905 730 2947 rationo,
755 2916 855 2952 quae
884 2904 1033 2942 Platoni
1062 2915 1150 2941 cum
1190 2904 1315 2951 poetis
1339 2904 1573 2941 Graecorum
1613 2902 1830 2944 intercedit,

124 2962 193 3009 qui
218 2965 310 3001 ante
335 2973 423 3001 eum
450 2963 674 3007 floruerunt,
702 2964 959 3001 vratisiaviae
992 2966 1090 3005 1380,
1118 2975 1151 3011 p.
1172 2966 1227 3001 74.

1689 3033 1733 3068 ι.
