<?xml version="1.0" encoding="UTF-8"?>
<!DOCTYPE html PUBLIC "-//W3C//DTD XHTML 1.0 Transitional//EN"
    "http://www.w3.org/TR/xhtml1/DTD/xhtml1-transitional.dtd">
<html xmlns="http://www.w3.org/1999/xhtml" xml:lang="en" lang="en">
 <head>
  <title>
</title>
<meta http-equiv="Content-Type" content="text/html;charset=utf-8" />
  <meta name='ocr-system' content='tesseract 3.04.00' />
  <meta name='ocr-capabilities' content='ocr_page ocr_carea ocr_par ocr_line ocrx_word'/>
</head>
<body>
  <div class='ocr_page' id='page_1' title='image "./deveterumscripto00seipuoft_0066.png"; bbox 0 0 2080 3424; ppageno 0'>
   <div class='ocr_carea' id='block_1_1' title="bbox 1087 312 1695 377">
    <p class='ocr_par' dir='ltr' id='par_1_1' title="bbox 1087 312 1695 377">
     <span class='ocr_line' id='line_1_1' title="bbox 1087 312 1695 377; baseline 0 0"><span class='ocrx_word' id='word_1_1' title='bbox 1087 335 1141 377; x_wconf 84' lang='lat'>58</span> <span class='ocrx_word' id='word_1_2' title='bbox 1666 312 1695 340; x_wconf 71' lang='lat'>⁸</span> 
     </span>
    </p>
   </div>
   <div class='ocr_carea' id='block_1_2' title="bbox 967 395 1250 400">
    <p class='ocr_par' dir='ltr' id='par_1_2' title="bbox 967 395 1250 400">
     <span class='ocr_line' id='line_1_2' title="bbox 967 395 1250 400; baseline 0 0"><span class='ocrx_word' id='word_1_3' title='bbox 967 395 1250 400; x_wconf 95' lang='lat' dir='ltr'> </span> 
     </span>
    </p>
   </div>
   <div class='ocr_carea' id='block_1_3' title="bbox 253 458 1961 888">
    <p class='ocr_par' dir='ltr' id='par_1_3' title="bbox 253 458 1961 888">
     <span class='ocr_line' id='line_1_3' title="bbox 374 458 1961 532; baseline -0.001 -10"><span class='ocrx_word' id='word_1_4' title='bbox 374 479 460 522; x_wconf 89' lang='lat' dir='ltr'>Sed</span> <span class='ocrx_word' id='word_1_5' title='bbox 492 491 519 521; x_wconf 87' lang='lat' dir='ltr'>a</span> <span class='ocrx_word' id='word_1_6' title='bbox 552 479 754 521; x_wconf 90' lang='lat' dir='ltr'>versibus</span> <span class='ocrx_word' id='word_1_7' title='bbox 799 478 1065 519; x_wconf 90' lang='lat' dir='ltr'>redeundum</span> <span class='ocrx_word' id='word_1_8' title='bbox 1111 481 1178 519; x_wconf 85' lang='lat' dir='ltr'>est</span> <span class='ocrx_word' id='word_1_9' title='bbox 1222 477 1278 519; x_wconf 91' lang='lat' dir='ltr'>ad</span> <span class='ocrx_word' id='word_1_10' title='bbox 1311 487 1376 529; x_wconf 89' lang='lat' dir='ltr'>ea,</span> <span class='ocrx_word' id='word_1_11' title='bbox 1420 488 1533 530; x_wconf 88' lang='lat' dir='ltr'>quae</span> <span class='ocrx_word' id='word_1_12' title='bbox 1565 477 1619 519; x_wconf 89' lang='lat' dir='ltr'>de</span> <span class='ocrx_word' id='word_1_13' title='bbox 1654 458 1805 532; x_wconf 75' lang='lat' dir='ltr'>verbis</span> <span class='ocrx_word' id='word_1_14' title='bbox 1835 477 1961 530; x_wconf 81' lang='lat' dir='ltr'>pede-</span> 
     </span>
     <span class='ocr_line' id='line_1_4' title="bbox 253 546 1960 602; baseline -0.001 -9"><span class='ocrx_word' id='word_1_15' title='bbox 253 551 422 594; x_wconf 85' lang='lat' dir='ltr'>stribus</span> <span class='ocrx_word' id='word_1_16' title='bbox 460 550 655 592; x_wconf 88' lang='lat' dir='ltr'>laudatis</span> <span class='ocrx_word' id='word_1_17' title='bbox 699 549 990 602; x_wconf 84' lang='lat' dir='ltr'>exposuimus,</span> <span class='ocrx_word' id='word_1_18' title='bbox 1035 548 1235 591; x_wconf 91' lang='lat' dir='ltr'>breviter</span> <span class='ocrx_word' id='word_1_19' title='bbox 1277 547 1702 600; x_wconf 87' lang='lat' dir='ltr'>comprehendenda.</span> <span class='ocrx_word' id='word_1_20' title='bbox 1769 546 1960 591; x_wconf 88' lang='lat' dir='ltr'>Primum</span> 
     </span>
     <span class='ocr_line' id='line_1_5' title="bbox 254 618 1960 674; baseline -0.001 -10"><span class='ocrx_word' id='word_1_21' title='bbox 254 623 365 665; x_wconf 88' lang='lat' dir='ltr'>enim</span> <span class='ocrx_word' id='word_1_22' title='bbox 418 626 646 664; x_wconf 85' lang='lat' dir='ltr'>auctorum</span> <span class='ocrx_word' id='word_1_23' title='bbox 696 620 963 674; x_wconf 81' lang='lat' dir='ltr'>pedestrium</span> <span class='ocrx_word' id='word_1_24' title='bbox 1020 620 1158 663; x_wconf 89' lang='lat' dir='ltr'>verba</span> <span class='ocrx_word' id='word_1_25' title='bbox 1208 619 1393 662; x_wconf 86' lang='lat' dir='ltr'>laudata</span> <span class='ocrx_word' id='word_1_26' title='bbox 1443 618 1576 673; x_wconf 86' lang='lat' dir='ltr'>longe</span> <span class='ocrx_word' id='word_1_27' title='bbox 1624 618 1813 672; x_wconf 89' lang='lat' dir='ltr'>plurima</span> <span class='ocrx_word' id='word_1_28' title='bbox 1864 630 1960 663; x_wconf 80' lang='lat' dir='ltr'>ora-</span> 
     </span>
     <span class='ocr_line' id='line_1_6' title="bbox 254 690 1960 745; baseline -0.002 -10"><span class='ocrx_word' id='word_1_29' title='bbox 254 695 374 736; x_wconf 91' lang='lat' dir='ltr'>tione</span> <span class='ocrx_word' id='word_1_30' title='bbox 423 693 602 745; x_wconf 89' lang='lat' dir='ltr'>obliqua</span> <span class='ocrx_word' id='word_1_31' title='bbox 647 692 773 734; x_wconf 85' lang='lat' dir='ltr'>reddi</span> <span class='ocrx_word' id='word_1_32' title='bbox 819 691 1036 745; x_wconf 90' lang='lat' dir='ltr'>solebant,</span> <span class='ocrx_word' id='word_1_33' title='bbox 1096 694 1370 744; x_wconf 86' lang='lat' dir='ltr'>quapropter</span> <span class='ocrx_word' id='word_1_34' title='bbox 1423 690 1519 734; x_wconf 89' lang='lat' dir='ltr'>fieri</span> <span class='ocrx_word' id='word_1_35' title='bbox 1572 703 1659 734; x_wconf 91' lang='lat' dir='ltr'>non</span> <span class='ocrx_word' id='word_1_36' title='bbox 1705 690 1866 744; x_wconf 85' lang='lat' dir='ltr'>potuit,</span> <span class='ocrx_word' id='word_1_37' title='bbox 1910 694 1960 733; x_wconf 88' lang='lat' dir='ltr'>ut</span> 
     </span>
     <span class='ocr_line' id='line_1_7' title="bbox 253 761 1960 816; baseline -0.002 -9"><span class='ocrx_word' id='word_1_38' title='bbox 253 767 460 807; x_wconf 86' lang='lat' dir='ltr'>accurate</span> <span class='ocrx_word' id='word_1_39' title='bbox 504 764 807 807; x_wconf 80' lang='lat' dir='ltr'>laudarentur.</span> <span class='ocrx_word' id='word_1_40' title='bbox 871 762 1043 806; x_wconf 89' lang='lat' dir='ltr'>Deinde</span> <span class='ocrx_word' id='word_1_41' title='bbox 1080 763 1356 816; x_wconf 82' lang='lat' dir='ltr'>paucissimis</span> <span class='ocrx_word' id='word_1_42' title='bbox 1395 762 1504 805; x_wconf 90' lang='lat' dir='ltr'>locis</span> <span class='ocrx_word' id='word_1_43' title='bbox 1543 765 1773 806; x_wconf 86' lang='lat' dir='ltr'>auctorum</span> <span class='ocrx_word' id='word_1_44' title='bbox 1809 761 1960 805; x_wconf 83' lang='lat' dir='ltr'>lauda-</span> 
     </span>
     <span class='ocr_line' id='line_1_8' title="bbox 253 832 1960 888; baseline -0.001 -10"><span class='ocrx_word' id='word_1_45' title='bbox 253 842 394 878; x_wconf 91' lang='lat' dir='ltr'>torum</span> <span class='ocrx_word' id='word_1_46' title='bbox 443 836 706 888; x_wconf 89' lang='lat' dir='ltr'>sententiae,</span> <span class='ocrx_word' id='word_1_47' title='bbox 751 847 839 877; x_wconf 90' lang='lat' dir='ltr'>non</span> <span class='ocrx_word' id='word_1_48' title='bbox 883 836 1010 877; x_wconf 83' lang='lat' dir='ltr'>modo</span> <span class='ocrx_word' id='word_1_49' title='bbox 1054 846 1140 877; x_wconf 91' lang='lat' dir='ltr'>non</span> <span class='ocrx_word' id='word_1_50' title='bbox 1174 834 1373 887; x_wconf 90' lang='lat' dir='ltr'>pluribus</span> <span class='ocrx_word' id='word_1_51' title='bbox 1407 834 1557 876; x_wconf 88' lang='lat' dir='ltr'>verbis</span> <span class='ocrx_word' id='word_1_52' title='bbox 1596 832 1756 882; x_wconf 87' lang='lat' dir='ltr'>dictae,</span> <span class='ocrx_word' id='word_1_53' title='bbox 1789 834 1868 877; x_wconf 86' lang='lat' dir='ltr'>sed</span> <span class='ocrx_word' id='word_1_54' title='bbox 1904 845 1960 876; x_wconf 88' lang='lat' dir='ltr'>ne</span> 
     </span>
    </p>
   </div>
   <div class='ocr_carea' id='block_1_4' title="bbox 253 904 1970 959">
    <p class='ocr_par' dir='ltr' id='par_1_4' title="bbox 253 904 1970 959">
     <span class='ocr_line' id='line_1_9' title="bbox 253 904 1970 959; baseline -0.001 -9"><span class='ocrx_word' id='word_1_55' title='bbox 253 908 451 950; x_wconf 88' lang='lat' dir='ltr'>breviter</span> <span class='ocrx_word' id='word_1_56' title='bbox 485 906 657 959; x_wconf 91' lang='lat' dir='ltr'>quidem</span> <span class='ocrx_word' id='word_1_57' title='bbox 690 907 851 958; x_wconf 86' lang='lat' dir='ltr'>dictae,</span> <span class='ocrx_word' id='word_1_58' title='bbox 893 906 1162 949; x_wconf 85' lang='lat' dir='ltr'>verbotenus</span> <span class='ocrx_word' id='word_1_59' title='bbox 1204 906 1407 949; x_wconf 87' lang='lat' dir='ltr'>oratione</span> <span class='ocrx_word' id='word_1_60' title='bbox 1445 909 1570 947; x_wconf 89' lang='lat' dir='ltr'>recta</span> <span class='ocrx_word' id='word_1_61' title='bbox 1608 904 1862 959; x_wconf 79' lang='lat' dir='ltr'>exscriptae</span> <span class='ocrx_word' id='word_1_62' title='bbox 1897 905 1970 948; x_wconf 52' lang='lat' dir='ltr'>ins</span> 
     </span>
    </p>
   </div>
   <div class='ocr_carea' id='block_1_5' title="bbox 248 974 1961 2106">
    <p class='ocr_par' dir='ltr' id='par_1_5' title="bbox 248 974 1961 2106">
     <span class='ocr_line' id='line_1_10' title="bbox 253 974 1960 1030; baseline -0.002 -8"><span class='ocrx_word' id='word_1_63' title='bbox 253 980 502 1022; x_wconf 84' lang='lat' dir='ltr'>veniuntur.</span> <span class='ocrx_word' id='word_1_64' title='bbox 568 978 674 1020; x_wconf 89' lang='lat' dir='ltr'>Tum</span> <span class='ocrx_word' id='word_1_65' title='bbox 709 977 897 1030; x_wconf 91' lang='lat' dir='ltr'>plurima</span> <span class='ocrx_word' id='word_1_66' title='bbox 930 978 1167 1020; x_wconf 87' lang='lat' dir='ltr'>verborum</span> <span class='ocrx_word' id='word_1_67' title='bbox 1197 977 1490 1029; x_wconf 88' lang='lat' dir='ltr'>laudatorum,</span> <span class='ocrx_word' id='word_1_68' title='bbox 1532 988 1644 1030; x_wconf 91' lang='lat' dir='ltr'>quae</span> <span class='ocrx_word' id='word_1_69' title='bbox 1681 977 1834 1020; x_wconf 88' lang='lat' dir='ltr'>eadem</span> <span class='ocrx_word' id='word_1_70' title='bbox 1864 974 1960 1020; x_wconf 85' lang='lat' dir='ltr'>fere</span> 
     </span>
     <span class='ocr_line' id='line_1_11' title="bbox 252 1047 1958 1108; baseline -0.001 -16"><span class='ocrx_word' id='word_1_71' title='bbox 252 1055 372 1102; x_wconf 89' lang='lat' dir='ltr'>sunt,</span> <span class='ocrx_word' id='word_1_72' title='bbox 419 1062 531 1103; x_wconf 89' lang='lat' dir='ltr'>quae</span> <span class='ocrx_word' id='word_1_73' title='bbox 577 1054 782 1092; x_wconf 80' lang='lat' dir='ltr'>auctores</span> <span class='ocrx_word' id='word_1_74' title='bbox 827 1049 920 1108; x_wconf 69' lang='lat' dir='ltr'>ipsi¹</span> <span class='ocrx_word' id='word_1_75' title='bbox 961 1050 1253 1102; x_wconf 86' lang='lat' dir='ltr'>scripserunt,</span> <span class='ocrx_word' id='word_1_76' title='bbox 1299 1054 1530 1091; x_wconf 90' lang='lat' dir='ltr'>auctorum</span> <span class='ocrx_word' id='word_1_77' title='bbox 1577 1047 1958 1092; x_wconf 86' lang='lat' dir='ltr'>celeberrimorum</span> 
     </span>
     <span class='ocr_line' id='line_1_12' title="bbox 252 1120 1961 1175; baseline -0.001 -12"><span class='ocrx_word' id='word_1_78' title='bbox 252 1122 481 1175; x_wconf 84' lang='lat' dir='ltr'>praeclare</span> <span class='ocrx_word' id='word_1_79' title='bbox 514 1125 558 1164; x_wconf 90' lang='lat' dir='ltr'>et</span> <span class='ocrx_word' id='word_1_80' title='bbox 591 1122 812 1164; x_wconf 87' lang='lat' dir='ltr'>commode</span> <span class='ocrx_word' id='word_1_81' title='bbox 846 1122 967 1163; x_wconf 89' lang='lat' dir='ltr'>dicta</span> <span class='ocrx_word' id='word_1_82' title='bbox 993 1125 1108 1163; x_wconf 87' lang='lat' dir='ltr'>sunt.</span> <span class='ocrx_word' id='word_1_83' title='bbox 1162 1121 1363 1174; x_wconf 90' lang='lat' dir='ltr'>Denique</span> <span class='ocrx_word' id='word_1_84' title='bbox 1386 1120 1629 1174; x_wconf 79' lang='lat' dir='ltr'>scriptores</span> <span class='ocrx_word' id='word_1_85' title='bbox 1652 1131 1831 1174; x_wconf 87' lang='lat' dir='ltr'>operam</span> <span class='ocrx_word' id='word_1_86' title='bbox 1852 1120 1961 1163; x_wconf 84' lang='lat' dir='ltr'>dare</span> 
     </span>
     <span class='ocr_line' id='line_1_13' title="bbox 251 1191 1960 1246; baseline -0.002 -10"><span class='ocrx_word' id='word_1_87' title='bbox 251 1193 410 1246; x_wconf 84' lang='lat' dir='ltr'>solent,</span> <span class='ocrx_word' id='word_1_88' title='bbox 443 1196 493 1235; x_wconf 88' lang='lat' dir='ltr'>ut</span> <span class='ocrx_word' id='word_1_89' title='bbox 525 1193 665 1235; x_wconf 89' lang='lat' dir='ltr'>verba</span> <span class='ocrx_word' id='word_1_90' title='bbox 704 1192 971 1235; x_wconf 88' lang='lat' dir='ltr'>excribenda</span> <span class='ocrx_word' id='word_1_91' title='bbox 1003 1204 1178 1245; x_wconf 92' lang='lat' dir='ltr'>quoquo</span> <span class='ocrx_word' id='word_1_92' title='bbox 1215 1193 1345 1235; x_wconf 91' lang='lat' dir='ltr'>modo</span> <span class='ocrx_word' id='word_1_93' title='bbox 1384 1204 1464 1234; x_wconf 90' lang='lat' dir='ltr'>sua</span> <span class='ocrx_word' id='word_1_94' title='bbox 1501 1191 1684 1235; x_wconf 88' lang='lat' dir='ltr'>faciant.</span> <span class='ocrx_word' id='word_1_95' title='bbox 1746 1191 1849 1234; x_wconf 85' lang='lat' dir='ltr'>Etsi</span> <span class='ocrx_word' id='word_1_96' title='bbox 1878 1203 1960 1235; x_wconf 89' lang='lat' dir='ltr'>nos</span> 
     </span>
     <span class='ocr_line' id='line_1_14' title="bbox 252 1263 1960 1318; baseline -0.001 -11"><span class='ocrx_word' id='word_1_97' title='bbox 252 1270 430 1318; x_wconf 88' lang='lat' dir='ltr'>oportet</span> <span class='ocrx_word' id='word_1_98' title='bbox 475 1269 632 1318; x_wconf 89' lang='lat' dir='ltr'>putare</span> <span class='ocrx_word' id='word_1_99' title='bbox 678 1265 921 1317; x_wconf 86' lang='lat' dir='ltr'>scriptores</span> <span class='ocrx_word' id='word_1_100' title='bbox 964 1263 1116 1317; x_wconf 89' lang='lat' dir='ltr'>multa,</span> <span class='ocrx_word' id='word_1_101' title='bbox 1167 1265 1430 1317; x_wconf 88' lang='lat' dir='ltr'>praesertim</span> <span class='ocrx_word' id='word_1_102' title='bbox 1475 1264 1676 1306; x_wconf 87' lang='lat' dir='ltr'>breviter</span> <span class='ocrx_word' id='word_1_103' title='bbox 1721 1263 1857 1314; x_wconf 85' lang='lat' dir='ltr'>dicta,</span> <span class='ocrx_word' id='word_1_104' title='bbox 1904 1263 1960 1305; x_wconf 85' lang='lat' dir='ltr'>de</span> 
     </span>
     <span class='ocr_line' id='line_1_15' title="bbox 250 1334 1956 1390; baseline -0.001 -12"><span class='ocrx_word' id='word_1_105' title='bbox 250 1337 457 1379; x_wconf 90' lang='lat' dir='ltr'>memoria</span> <span class='ocrx_word' id='word_1_106' title='bbox 505 1336 760 1379; x_wconf 87' lang='lat' dir='ltr'>laudavisse</span> <span class='ocrx_word' id='word_1_107' title='bbox 810 1337 914 1390; x_wconf 88' lang='lat' dir='ltr'>(qua</span> <span class='ocrx_word' id='word_1_108' title='bbox 961 1347 1015 1378; x_wconf 88' lang='lat' dir='ltr'>ex</span> <span class='ocrx_word' id='word_1_109' title='bbox 1060 1347 1108 1378; x_wconf 93' lang='lat' dir='ltr'>re</span> <span class='ocrx_word' id='word_1_110' title='bbox 1156 1334 1348 1378; x_wconf 88' lang='lat' dir='ltr'>efficitur</span> <span class='ocrx_word' id='word_1_111' title='bbox 1395 1334 1652 1389; x_wconf 87' lang='lat' dir='ltr'>scriptores,</span> <span class='ocrx_word' id='word_1_112' title='bbox 1692 1334 1867 1384; x_wconf 88' lang='lat' dir='ltr'>etiamsi</span> <span class='ocrx_word' id='word_1_113' title='bbox 1911 1334 1956 1376; x_wconf 90' lang='lat' dir='ltr'>id</span> 
     </span>
     <span class='ocr_line' id='line_1_16' title="bbox 250 1405 1957 1462; baseline -0.001 -12"><span class='ocrx_word' id='word_1_114' title='bbox 250 1409 460 1462; x_wconf 74' lang='lat' dir='ltr'>egissent,</span> <span class='ocrx_word' id='word_1_115' title='bbox 493 1407 642 1450; x_wconf 89' lang='lat' dir='ltr'>multis</span> <span class='ocrx_word' id='word_1_116' title='bbox 674 1407 783 1450; x_wconf 91' lang='lat' dir='ltr'>locis</span> <span class='ocrx_word' id='word_1_117' title='bbox 822 1407 963 1450; x_wconf 88' lang='lat' dir='ltr'>verba</span> <span class='ocrx_word' id='word_1_118' title='bbox 999 1406 1098 1460; x_wconf 90' lang='lat' dir='ltr'>ipsa</span> <span class='ocrx_word' id='word_1_119' title='bbox 1141 1406 1394 1449; x_wconf 85' lang='lat' dir='ltr'>exscribere</span> <span class='ocrx_word' id='word_1_120' title='bbox 1436 1407 1512 1449; x_wconf 87' lang='lat' dir='ltr'>vix</span> <span class='ocrx_word' id='word_1_121' title='bbox 1550 1405 1769 1461; x_wconf 83' lang='lat' dir='ltr'>potuisse)</span> <span class='ocrx_word' id='word_1_122' title='bbox 1806 1409 1957 1449; x_wconf 85' lang='lat' dir='ltr'>tamen</span> 
     </span>
     <span class='ocr_line' id='line_1_17' title="bbox 250 1477 1958 1532; baseline -0.001 -11"><span class='ocrx_word' id='word_1_123' title='bbox 250 1491 325 1522; x_wconf 92' lang='lat' dir='ltr'>eos</span> <span class='ocrx_word' id='word_1_124' title='bbox 369 1480 481 1522; x_wconf 89' lang='lat' dir='ltr'>alias</span> <span class='ocrx_word' id='word_1_125' title='bbox 530 1479 656 1522; x_wconf 88' lang='lat' dir='ltr'>libris</span> <span class='ocrx_word' id='word_1_126' title='bbox 703 1480 811 1532; x_wconf 89' lang='lat' dir='ltr'>ipsis</span> <span class='ocrx_word' id='word_1_127' title='bbox 858 1491 961 1522; x_wconf 90' lang='lat' dir='ltr'>usos</span> <span class='ocrx_word' id='word_1_128' title='bbox 1009 1491 1106 1522; x_wconf 90' lang='lat' dir='ltr'>esse</span> <span class='ocrx_word' id='word_1_129' title='bbox 1141 1478 1379 1522; x_wconf 88' lang='lat' dir='ltr'>verisimile</span> <span class='ocrx_word' id='word_1_130' title='bbox 1427 1483 1509 1522; x_wconf 87' lang='lat' dir='ltr'>est.</span> <span class='ocrx_word' id='word_1_131' title='bbox 1571 1479 1776 1532; x_wconf 83' lang='lat' dir='ltr'>Apparet</span> <span class='ocrx_word' id='word_1_132' title='bbox 1815 1477 1958 1532; x_wconf 85' lang='lat' dir='ltr'>igitur</span> 
     </span>
     <span class='ocr_line' id='line_1_18' title="bbox 250 1548 1959 1604; baseline 0 -12"><span class='ocrx_word' id='word_1_133' title='bbox 250 1551 491 1603; x_wconf 87' lang='lat' dir='ltr'>scriptores</span> <span class='ocrx_word' id='word_1_134' title='bbox 546 1552 742 1594; x_wconf 87' lang='lat' dir='ltr'>Graecos</span> <span class='ocrx_word' id='word_1_135' title='bbox 797 1551 938 1594; x_wconf 88' lang='lat' dir='ltr'>verba</span> <span class='ocrx_word' id='word_1_136' title='bbox 991 1554 1221 1593; x_wconf 88' lang='lat' dir='ltr'>auctorum</span> <span class='ocrx_word' id='word_1_137' title='bbox 1265 1551 1532 1604; x_wconf 88' lang='lat' dir='ltr'>pedestrium</span> <span class='ocrx_word' id='word_1_138' title='bbox 1570 1550 1669 1604; x_wconf 88' lang='lat' dir='ltr'>ipsa</span> <span class='ocrx_word' id='word_1_139' title='bbox 1706 1548 1959 1593; x_wconf 87' lang='lat' dir='ltr'>exscribere</span> 
     </span>
     <span class='ocr_line' id='line_1_19' title="bbox 249 1619 1958 1676; baseline -0.001 -11"><span class='ocrx_word' id='word_1_140' title='bbox 249 1634 388 1675; x_wconf 89' lang='lat' dir='ltr'>neque</span> <span class='ocrx_word' id='word_1_141' title='bbox 442 1623 635 1665; x_wconf 83' lang='lat' dir='ltr'>voluisse</span> <span class='ocrx_word' id='word_1_142' title='bbox 687 1635 829 1676; x_wconf 87' lang='lat' dir='ltr'>neque</span> <span class='ocrx_word' id='word_1_143' title='bbox 881 1622 1093 1676; x_wconf 86' lang='lat' dir='ltr'>potuisse.</span> <span class='ocrx_word' id='word_1_144' title='bbox 1156 1621 1279 1676; x_wconf 87' lang='lat' dir='ltr'>Lege</span> <span class='ocrx_word' id='word_1_145' title='bbox 1331 1623 1443 1665; x_wconf 86' lang='lat' dir='ltr'>enim</span> <span class='ocrx_word' id='word_1_146' title='bbox 1492 1622 1680 1675; x_wconf 87' lang='lat' dir='ltr'>quadam</span> <span class='ocrx_word' id='word_1_147' title='bbox 1735 1619 1958 1664; x_wconf 85' lang='lat' dir='ltr'>scribendi</span> 
     </span>
     <span class='ocr_line' id='line_1_20' title="bbox 251 1693 1957 1747; baseline 0 -11"><span class='ocrx_word' id='word_1_148' title='bbox 251 1694 578 1747; x_wconf 84' lang='lat' dir='ltr'>postulabatur,</span> <span class='ocrx_word' id='word_1_149' title='bbox 622 1699 670 1736; x_wconf 87' lang='lat' dir='ltr'>ut</span> <span class='ocrx_word' id='word_1_150' title='bbox 710 1694 922 1737; x_wconf 91' lang='lat' dir='ltr'>librorum</span> <span class='ocrx_word' id='word_1_151' title='bbox 962 1695 1165 1737; x_wconf 89' lang='lat' dir='ltr'>oratione</span> <span class='ocrx_word' id='word_1_152' title='bbox 1198 1698 1299 1736; x_wconf 90' lang='lat' dir='ltr'>arte</span> <span class='ocrx_word' id='word_1_153' title='bbox 1331 1693 1485 1736; x_wconf 88' lang='lat' dir='ltr'>vincta</span> <span class='ocrx_word' id='word_1_154' title='bbox 1516 1694 1782 1747; x_wconf 87' lang='lat' dir='ltr'>scriptorum</span> <span class='ocrx_word' id='word_1_155' title='bbox 1814 1704 1957 1736; x_wconf 90' lang='lat' dir='ltr'>sermo</span> 
     </span>
     <span class='ocr_line' id='line_1_21' title="bbox 251 1765 1958 1819; baseline 0.001 -13"><span class='ocrx_word' id='word_1_156' title='bbox 251 1777 358 1807; x_wconf 89' lang='lat' dir='ltr'>unus</span> <span class='ocrx_word' id='word_1_157' title='bbox 424 1771 468 1807; x_wconf 91' lang='lat' dir='ltr'>et</span> <span class='ocrx_word' id='word_1_158' title='bbox 538 1765 722 1819; x_wconf 84' lang='lat' dir='ltr'>simplex</span> <span class='ocrx_word' id='word_1_159' title='bbox 787 1770 905 1809; x_wconf 90' lang='lat' dir='ltr'>esset</span> <span class='ocrx_word' id='word_1_160' title='bbox 965 1770 1100 1819; x_wconf 88' lang='lat' dir='ltr'>atque</span> <span class='ocrx_word' id='word_1_161' title='bbox 1158 1765 1345 1809; x_wconf 88' lang='lat' dir='ltr'>aliorum</span> <span class='ocrx_word' id='word_1_162' title='bbox 1415 1768 1646 1808; x_wconf 84' lang='lat' dir='ltr'>auctorum</span> <span class='ocrx_word' id='word_1_163' title='bbox 1707 1765 1958 1808; x_wconf 86' lang='lat' dir='ltr'>sententiae</span> 
     </span>
     <span class='ocr_line' id='line_1_22' title="bbox 250 1836 1957 1891; baseline 0.001 -13"><span class='ocrx_word' id='word_1_164' title='bbox 250 1849 423 1889; x_wconf 91' lang='lat' dir='ltr'>quoquo</span> <span class='ocrx_word' id='word_1_165' title='bbox 461 1839 589 1880; x_wconf 89' lang='lat' dir='ltr'>modo</span> <span class='ocrx_word' id='word_1_166' title='bbox 629 1844 1024 1891; x_wconf 90' lang='lat' dir='ltr'>concoquerentur.</span> <span class='ocrx_word' id='word_1_167' title='bbox 1087 1838 1184 1881; x_wconf 91' lang='lat' dir='ltr'>Hoc</span> <span class='ocrx_word' id='word_1_168' title='bbox 1231 1838 1443 1880; x_wconf 90' lang='lat' dir='ltr'>concedet</span> <span class='ocrx_word' id='word_1_169' title='bbox 1487 1838 1526 1879; x_wconf 91' lang='lat' dir='ltr'>si</span> <span class='ocrx_word' id='word_1_170' title='bbox 1576 1837 1674 1890; x_wconf 90' lang='lat' dir='ltr'>quis</span> <span class='ocrx_word' id='word_1_171' title='bbox 1716 1836 1857 1880; x_wconf 84' lang='lat' dir='ltr'>verba</span> <span class='ocrx_word' id='word_1_172' title='bbox 1902 1847 1957 1879; x_wconf 84' lang='lat' dir='ltr'>ex</span> 
     </span>
     <span class='ocr_line' id='line_1_23' title="bbox 249 1908 1955 1961; baseline 0.001 -11"><span class='ocrx_word' id='word_1_173' title='bbox 249 1908 463 1951; x_wconf 83' lang='lat' dir='ltr'>Hecataei</span> <span class='ocrx_word' id='word_1_174' title='bbox 506 1909 619 1951; x_wconf 89' lang='lat' dir='ltr'>libro</span> <span class='ocrx_word' id='word_1_175' title='bbox 662 1910 717 1951; x_wconf 91' lang='lat' dir='ltr'>ab</span> <span class='ocrx_word' id='word_1_176' title='bbox 760 1909 990 1953; x_wconf 88' lang='lat' dir='ltr'>Herodoto</span> <span class='ocrx_word' id='word_1_177' title='bbox 1034 1909 1130 1952; x_wconf 83' lang='lat'>1.11.</span> <span class='ocrx_word' id='word_1_178' title='bbox 1162 1909 1348 1951; x_wconf 87' lang='lat' dir='ltr'>laudata</span> <span class='ocrx_word' id='word_1_179' title='bbox 1379 1909 1425 1952; x_wconf 91' lang='lat' dir='ltr'>in</span> <span class='ocrx_word' id='word_1_180' title='bbox 1474 1921 1527 1952; x_wconf 91' lang='lat' dir='ltr'>ea</span> <span class='ocrx_word' id='word_1_181' title='bbox 1569 1908 1784 1951; x_wconf 89' lang='lat' dir='ltr'>historiae</span> <span class='ocrx_word' id='word_1_182' title='bbox 1825 1911 1955 1961; x_wconf 81' lang='lat' dir='ltr'>parte</span> 
     </span>
     <span class='ocr_line' id='line_1_24' title="bbox 249 1978 1956 2036; baseline 0.001 -14"><span class='ocrx_word' id='word_1_183' title='bbox 249 1981 391 2023; x_wconf 89' lang='lat' dir='ltr'>inesse</span> <span class='ocrx_word' id='word_1_184' title='bbox 424 1982 790 2036; x_wconf 85' lang='lat' dir='ltr'>consideraverit,</span> <span class='ocrx_word' id='word_1_185' title='bbox 824 1982 945 2024; x_wconf 87' lang='lat' dir='ltr'>cuius</span> <span class='ocrx_word' id='word_1_186' title='bbox 979 1981 1224 2024; x_wconf 86' lang='lat' dir='ltr'>orationem</span> <span class='ocrx_word' id='word_1_187' title='bbox 1255 1980 1532 2024; x_wconf 89' lang='lat' dir='ltr'>Herodotum</span> <span class='ocrx_word' id='word_1_188' title='bbox 1570 1991 1711 2034; x_wconf 88' lang='lat' dir='ltr'>neque</span> <span class='ocrx_word' id='word_1_189' title='bbox 1743 1978 1956 2033; x_wconf 84' lang='lat' dir='ltr'>polivisse</span> 
     </span>
     <span class='ocr_line' id='line_1_25' title="bbox 248 2050 1956 2106; baseline 0.001 -13"><span class='ocrx_word' id='word_1_190' title='bbox 248 2064 388 2104; x_wconf 90' lang='lat' dir='ltr'>neque</span> <span class='ocrx_word' id='word_1_191' title='bbox 435 2053 500 2094; x_wconf 87' lang='lat' dir='ltr'>ita</span> <span class='ocrx_word' id='word_1_192' title='bbox 549 2057 597 2095; x_wconf 92' lang='lat' dir='ltr'>ut</span> <span class='ocrx_word' id='word_1_193' title='bbox 645 2056 891 2096; x_wconf 86' lang='lat' dir='ltr'>ceterorum</span> <span class='ocrx_word' id='word_1_194' title='bbox 939 2053 1151 2096; x_wconf 86' lang='lat' dir='ltr'>librorum</span> <span class='ocrx_word' id='word_1_195' title='bbox 1196 2055 1357 2106; x_wconf 88' lang='lat' dir='ltr'>quarto</span> <span class='ocrx_word' id='word_1_196' title='bbox 1401 2055 1587 2105; x_wconf 87' lang='lat' dir='ltr'>excepto</span> <span class='ocrx_word' id='word_1_197' title='bbox 1632 2050 1956 2095; x_wconf 81' lang='lat' dir='ltr'>retractavisse</span> 
     </span>
    </p>
   </div>
   <div class='ocr_carea' id='block_1_6' title="bbox 248 2114 2080 2178">
    <p class='ocr_par' dir='ltr' id='par_1_6' title="bbox 248 2114 2080 2178">
     <span class='ocr_line' id='line_1_26' title="bbox 248 2114 2080 2178; baseline 0.001 -14"><span class='ocrx_word' id='word_1_198' title='bbox 248 2122 370 2165; x_wconf 88' lang='lat' dir='ltr'>Diels</span> <span class='ocrx_word' id='word_1_199' title='bbox 402 2123 574 2176; x_wconf 81' lang='lat' dir='ltr'>(Herm.</span> <span class='ocrx_word' id='word_1_200' title='bbox 608 2124 743 2166; x_wconf 90' lang='lat' dir='ltr'><strong>XXII</strong></span> <span class='ocrx_word' id='word_1_201' title='bbox 776 2125 881 2178; x_wconf 90' lang='lat'>444)</span> <span class='ocrx_word' id='word_1_202' title='bbox 924 2136 1003 2167; x_wconf 90' lang='lat' dir='ltr'>suo</span> <span class='ocrx_word' id='word_1_203' title='bbox 1036 2125 1131 2167; x_wconf 90' lang='lat' dir='ltr'>iure</span> <span class='ocrx_word' id='word_1_204' title='bbox 1163 2123 1284 2167; x_wconf 87' lang='lat' dir='ltr'>dicit.</span> <span class='ocrx_word' id='word_1_205' title='bbox 1349 2123 1473 2178; x_wconf 80' lang='lat' dir='ltr'>Quae</span> <span class='ocrx_word' id='word_1_206' title='bbox 1515 2136 1609 2166; x_wconf 92' lang='lat' dir='ltr'>cum</span> <span class='ocrx_word' id='word_1_207' title='bbox 1642 2124 1708 2165; x_wconf 87' lang='lat' dir='ltr'>ita</span> <span class='ocrx_word' id='word_1_208' title='bbox 1739 2121 1843 2175; x_wconf 82' lang='lat' dir='ltr'>sint,</span> <span class='ocrx_word' id='word_1_209' title='bbox 1883 2133 1955 2165; x_wconf 86' lang='lat' dir='ltr'>ex·</span> <span class='ocrx_word' id='word_1_210' title='bbox 2078 2114 2080 2154; x_wconf 72' lang='grc' dir='ltr'>ἔ</span> 
     </span>
    </p>
   </div>
   <div class='ocr_carea' id='block_1_7' title="bbox 248 2193 1955 2320">
    <p class='ocr_par' dir='ltr' id='par_1_7' title="bbox 248 2193 1955 2320">
     <span class='ocr_line' id='line_1_27' title="bbox 249 2193 1952 2248; baseline 0.001 -13"><span class='ocrx_word' id='word_1_211' title='bbox 249 2194 446 2246; x_wconf 83' lang='lat' dir='ltr'>posuisse</span> <span class='ocrx_word' id='word_1_212' title='bbox 492 2195 593 2237; x_wconf 89' lang='lat' dir='ltr'>mihi</span> <span class='ocrx_word' id='word_1_213' title='bbox 638 2197 793 2238; x_wconf 87' lang='lat' dir='ltr'>videor</span> <span class='ocrx_word' id='word_1_214' title='bbox 837 2196 950 2238; x_wconf 89' lang='lat' dir='ltr'>artis</span> <span class='ocrx_word' id='word_1_215' title='bbox 995 2195 1218 2238; x_wconf 89' lang='lat' dir='ltr'>scribendi</span> <span class='ocrx_word' id='word_1_216' title='bbox 1264 2198 1546 2248; x_wconf 88' lang='lat' dir='ltr'>praeceptum</span> <span class='ocrx_word' id='word_1_217' title='bbox 1587 2206 1615 2237; x_wconf 92' lang='lat' dir='ltr'>a</span> <span class='ocrx_word' id='word_1_218' title='bbox 1656 2193 1784 2237; x_wconf 92' lang='lat' dir='ltr'>nobis</span> <span class='ocrx_word' id='word_1_219' title='bbox 1823 2194 1952 2236; x_wconf 89' lang='lat' dir='ltr'>modo</span> 
     </span>
     <span class='ocr_line' id='line_1_28' title="bbox 248 2264 1955 2320; baseline 0 -13"><span class='ocrx_word' id='word_1_220' title='bbox 248 2266 424 2319; x_wconf 84' lang='lat' dir='ltr'>dictum,</span> <span class='ocrx_word' id='word_1_221' title='bbox 466 2268 581 2319; x_wconf 88' lang='lat' dir='ltr'>quod</span> <span class='ocrx_word' id='word_1_222' title='bbox 623 2267 751 2309; x_wconf 89' lang='lat' dir='ltr'>initio</span> <span class='ocrx_word' id='word_1_223' title='bbox 785 2267 1007 2310; x_wconf 87' lang='lat' dir='ltr'>scribendi</span> <span class='ocrx_word' id='word_1_224' title='bbox 1045 2268 1141 2320; x_wconf 91' lang='lat' dir='ltr'>ipso</span> <span class='ocrx_word' id='word_1_225' title='bbox 1172 2266 1218 2309; x_wconf 91' lang='lat' dir='ltr'>in</span> <span class='ocrx_word' id='word_1_226' title='bbox 1250 2268 1516 2320; x_wconf 89' lang='lat' dir='ltr'>scriptorum</span> <span class='ocrx_word' id='word_1_227' title='bbox 1554 2264 1826 2318; x_wconf 86' lang='lat' dir='ltr'>Graecorum</span> <span class='ocrx_word' id='word_1_228' title='bbox 1856 2276 1955 2308; x_wconf 90' lang='lat' dir='ltr'>con·</span> 
     </span>
    </p>
   </div>
   <div class='ocr_carea' id='block_1_8' title="bbox 248 2322 2080 2393">
    <p class='ocr_par' dir='ltr' id='par_1_8' title="bbox 248 2322 2080 2393">
     <span class='ocr_line' id='line_1_29' title="bbox 248 2322 2080 2393; baseline 0.001 -15"><span class='ocrx_word' id='word_1_229' title='bbox 248 2338 519 2380; x_wconf 83' lang='lat' dir='ltr'>suetudinem</span> <span class='ocrx_word' id='word_1_230' title='bbox 560 2338 734 2381; x_wconf 88' lang='lat' dir='ltr'>venisse</span> <span class='ocrx_word' id='word_1_231' title='bbox 776 2340 951 2382; x_wconf 90' lang='lat' dir='ltr'>videtur</span> <span class='ocrx_word' id='word_1_232' title='bbox 998 2351 1139 2392; x_wconf 91' lang='lat' dir='ltr'>neque</span> <span class='ocrx_word' id='word_1_233' title='bbox 1187 2338 1244 2381; x_wconf 87' lang='lat' dir='ltr'>ab</span> <span class='ocrx_word' id='word_1_234' title='bbox 1288 2349 1352 2391; x_wconf 89' lang='lat' dir='ltr'>e0‚</span> <span class='ocrx_word' id='word_1_235' title='bbox 1399 2338 1452 2380; x_wconf 89' lang='lat' dir='ltr'>de</span> <span class='ocrx_word' id='word_1_236' title='bbox 1501 2349 1586 2390; x_wconf 92' lang='lat' dir='ltr'>quo</span> <span class='ocrx_word' id='word_1_237' title='bbox 1631 2337 1779 2390; x_wconf 89' lang='lat' dir='ltr'>priore</span> <span class='ocrx_word' id='word_1_238' title='bbox 1826 2335 1954 2379; x_wconf 87' lang='lat' dir='ltr'>huius</span> <span class='ocrx_word' id='word_1_239' title='bbox 2007 2390 2010 2393; x_wconf 16' lang='grc' dir='ltr'>ι</span> <span class='ocrx_word' id='word_1_240' title='bbox 2077 2322 2080 2347; x_wconf 74' lang='lat'><em>³</em></span> 
     </span>
    </p>
   </div>
   <div class='ocr_carea' id='block_1_9' title="bbox 248 2407 1953 3034">
    <p class='ocr_par' dir='ltr' id='par_1_9' title="bbox 248 2407 1953 3034">
     <span class='ocr_line' id='line_1_30' title="bbox 250 2407 1952 2463; baseline 0 -13"><span class='ocrx_word' id='word_1_241' title='bbox 250 2410 521 2460; x_wconf 83' lang='lat' dir='ltr'>quaestionis</span> <span class='ocrx_word' id='word_1_242' title='bbox 545 2416 673 2462; x_wconf 88' lang='lat' dir='ltr'>parte</span> <span class='ocrx_word' id='word_1_243' title='bbox 696 2411 993 2463; x_wconf 86' lang='lat' dir='ltr'>disseruimus,</span> <span class='ocrx_word' id='word_1_244' title='bbox 1018 2409 1179 2463; x_wconf 88' lang='lat' dir='ltr'>differt,</span> <span class='ocrx_word' id='word_1_245' title='bbox 1202 2411 1246 2452; x_wconf 90' lang='lat' dir='ltr'>iu</span> <span class='ocrx_word' id='word_1_246' title='bbox 1265 2409 1415 2452; x_wconf 89' lang='lat' dir='ltr'>verbis</span> <span class='ocrx_word' id='word_1_247' title='bbox 1438 2411 1667 2452; x_wconf 90' lang='lat' dir='ltr'>auctorum</span> <span class='ocrx_word' id='word_1_248' title='bbox 1685 2407 1952 2461; x_wconf 87' lang='lat' dir='ltr'>pedestrium</span> 
     </span>
     <span class='ocr_line' id='line_1_31' title="bbox 248 2478 1952 2535; baseline 0 -14"><span class='ocrx_word' id='word_1_249' title='bbox 248 2479 498 2523; x_wconf 83' lang='lat' dir='ltr'>adferendis</span> <span class='ocrx_word' id='word_1_250' title='bbox 531 2481 667 2523; x_wconf 91' lang='lat' dir='ltr'>multo</span> <span class='ocrx_word' id='word_1_251' title='bbox 699 2481 842 2535; x_wconf 83' lang='lat' dir='ltr'>magis</span> <span class='ocrx_word' id='word_1_252' title='bbox 876 2493 1005 2535; x_wconf 90' lang='lat' dir='ltr'>quam</span> <span class='ocrx_word' id='word_1_253' title='bbox 1037 2483 1082 2524; x_wconf 90' lang='lat' dir='ltr'>in</span> <span class='ocrx_word' id='word_1_254' title='bbox 1115 2481 1319 2525; x_wconf 87' lang='lat' dir='ltr'>versibus</span> <span class='ocrx_word' id='word_1_255' title='bbox 1342 2478 1644 2523; x_wconf 88' lang='lat' dir='ltr'>exscribendis</span> <span class='ocrx_word' id='word_1_256' title='bbox 1667 2479 1952 2522; x_wconf 81' lang='lat' dir='ltr'>observatum</span> 
     </span>
     <span class='ocr_line' id='line_1_32' title="bbox 248 2549 1953 2606; baseline 0 -14"><span class='ocrx_word' id='word_1_257' title='bbox 248 2562 355 2593; x_wconf 86' lang='lat' dir='ltr'>esse.</span> <span class='ocrx_word' id='word_1_258' title='bbox 411 2551 631 2605; x_wconf 87' lang='lat' dir='ltr'>Sequitur,</span> <span class='ocrx_word' id='word_1_259' title='bbox 666 2557 714 2595; x_wconf 89' lang='lat' dir='ltr'>ut</span> <span class='ocrx_word' id='word_1_260' title='bbox 747 2552 989 2606; x_wconf 87' lang='lat' dir='ltr'>scriptores</span> <span class='ocrx_word' id='word_1_261' title='bbox 1013 2552 1174 2596; x_wconf 88' lang='lat' dir='ltr'>Graeci</span> <span class='ocrx_word' id='word_1_262' title='bbox 1205 2552 1288 2594; x_wconf 89' lang='lat' dir='ltr'>hac</span> <span class='ocrx_word' id='word_1_263' title='bbox 1319 2550 1636 2594; x_wconf 88' lang='lat' dir='ltr'>consuetudine</span> <span class='ocrx_word' id='word_1_264' title='bbox 1658 2549 1757 2604; x_wconf 87' lang='lat' dir='ltr'>ipsa</span> <span class='ocrx_word' id='word_1_265' title='bbox 1778 2561 1953 2604; x_wconf 88' lang='lat' dir='ltr'>quoque</span> 
     </span>
     <span class='ocr_line' id='line_1_33' title="bbox 250 2622 1831 2676; baseline 0.001 -14"><span class='ocrx_word' id='word_1_266' title='bbox 250 2622 459 2674; x_wconf 85' lang='lat' dir='ltr'>prohibiti</span> <span class='ocrx_word' id='word_1_267' title='bbox 491 2624 594 2676; x_wconf 87' lang='lat' dir='ltr'>sint,</span> <span class='ocrx_word' id='word_1_268' title='bbox 625 2625 853 2676; x_wconf 86' lang='lat' dir='ltr'>quominus</span> <span class='ocrx_word' id='word_1_269' title='bbox 884 2625 1022 2667; x_wconf 89' lang='lat' dir='ltr'>verba</span> <span class='ocrx_word' id='word_1_270' title='bbox 1049 2624 1140 2666; x_wconf 90' lang='lat' dir='ltr'>ulla</span> <span class='ocrx_word' id='word_1_271' title='bbox 1170 2623 1395 2667; x_wconf 89' lang='lat' dir='ltr'>rhetorum</span> <span class='ocrx_word' id='word_1_272' title='bbox 1424 2623 1551 2666; x_wconf 91' lang='lat' dir='ltr'>modo</span> <span class='ocrx_word' id='word_1_273' title='bbox 1582 2622 1831 2665; x_wconf 85' lang='lat' dir='ltr'>laudarent.</span> 
     </span>
     <span class='ocr_line' id='line_1_34' title="bbox 366 2691 1950 2748; baseline 0.001 -13"><span class='ocrx_word' id='word_1_274' title='bbox 366 2693 539 2747; x_wconf 86' lang='lat' dir='ltr'>Restat,</span> <span class='ocrx_word' id='word_1_275' title='bbox 589 2702 636 2737; x_wconf 89' lang='lat' dir='ltr'>ut</span> <span class='ocrx_word' id='word_1_276' title='bbox 680 2697 733 2738; x_wconf 90' lang='lat' dir='ltr'>de</span> <span class='ocrx_word' id='word_1_277' title='bbox 778 2707 831 2738; x_wconf 90' lang='lat' dir='ltr'>ea</span> <span class='ocrx_word' id='word_1_278' title='bbox 879 2694 1200 2744; x_wconf 77' lang='lat' dir='ltr'>controversia,</span> <span class='ocrx_word' id='word_1_279' title='bbox 1248 2706 1375 2748; x_wconf 88' lang='lat' dir='ltr'>quae,</span> <span class='ocrx_word' id='word_1_280' title='bbox 1422 2698 1468 2737; x_wconf 91' lang='lat' dir='ltr'>ut</span> <span class='ocrx_word' id='word_1_281' title='bbox 1508 2706 1605 2737; x_wconf 89' lang='lat' dir='ltr'>mea</span> <span class='ocrx_word' id='word_1_282' title='bbox 1651 2692 1800 2748; x_wconf 90' lang='lat' dir='ltr'>opinio</span> <span class='ocrx_word' id='word_1_283' title='bbox 1845 2691 1950 2746; x_wconf 83' lang='lat' dir='ltr'>fert,</span> 
     </span>
     <span class='ocr_line' id='line_1_35' title="bbox 249 2763 1952 2820; baseline 0.002 -16"><span class='ocrx_word' id='word_1_284' title='bbox 249 2764 331 2805; x_wconf 82' lang='lat' dir='ltr'>nisi</span> <span class='ocrx_word' id='word_1_285' title='bbox 375 2765 441 2807; x_wconf 83' lang='lat' dir='ltr'>his</span> <span class='ocrx_word' id='word_1_286' title='bbox 479 2766 610 2808; x_wconf 91' lang='lat' dir='ltr'>rebus</span> <span class='ocrx_word' id='word_1_287' title='bbox 650 2767 860 2810; x_wconf 84' lang='lat' dir='ltr'>tractatis</span> <span class='ocrx_word' id='word_1_288' title='bbox 899 2767 1131 2810; x_wconf 88' lang='lat' dir='ltr'>diiudicari</span> <span class='ocrx_word' id='word_1_289' title='bbox 1162 2778 1250 2810; x_wconf 92' lang='lat' dir='ltr'>non</span> <span class='ocrx_word' id='word_1_290' title='bbox 1282 2770 1445 2820; x_wconf 88' lang='lat' dir='ltr'>potest,</span> <span class='ocrx_word' id='word_1_291' title='bbox 1480 2777 1757 2819; x_wconf 88' lang='lat' dir='ltr'>quaeramus.</span> <span class='ocrx_word' id='word_1_292' title='bbox 1820 2763 1952 2808; x_wconf 85' lang='lat' dir='ltr'>Certe</span> 
     </span>
     <span class='ocr_line' id='line_1_36' title="bbox 248 2835 1949 2892; baseline 0.002 -17"><span class='ocrx_word' id='word_1_293' title='bbox 248 2835 303 2876; x_wconf 87' lang='lat' dir='ltr'>ad</span> <span class='ocrx_word' id='word_1_294' title='bbox 349 2848 442 2878; x_wconf 87' lang='lat' dir='ltr'>eam</span> <span class='ocrx_word' id='word_1_295' title='bbox 481 2837 736 2880; x_wconf 88' lang='lat' dir='ltr'>solvendam</span> <span class='ocrx_word' id='word_1_296' title='bbox 775 2842 1080 2892; x_wconf 85' lang='lat' dir='ltr'>argumentum</span> <span class='ocrx_word' id='word_1_297' title='bbox 1121 2838 1430 2892; x_wconf 88' lang='lat' dir='ltr'>gravissimum</span> <span class='ocrx_word' id='word_1_298' title='bbox 1469 2836 1670 2890; x_wconf 86' lang='lat' dir='ltr'>proferre</span> <span class='ocrx_word' id='word_1_299' title='bbox 1707 2846 1949 2890; x_wconf 81' lang='lat' dir='ltr'>possumus.</span> 
     </span>
     <span class='ocr_line' id='line_1_37' title="bbox 249 2905 1952 2963; baseline 0.001 -14"><span class='ocrx_word' id='word_1_300' title='bbox 249 2905 410 2958; x_wconf 84' lang='lat' dir='ltr'>Agitur</span> <span class='ocrx_word' id='word_1_301' title='bbox 452 2909 562 2950; x_wconf 91' lang='lat' dir='ltr'>enim</span> <span class='ocrx_word' id='word_1_302' title='bbox 604 2909 656 2951; x_wconf 90' lang='lat' dir='ltr'>de</span> <span class='ocrx_word' id='word_1_303' title='bbox 691 2909 882 2963; x_wconf 87' lang='lat' dir='ltr'>Lysiae</span> <span class='ocrx_word' id='word_1_304' title='bbox 921 2910 1124 2952; x_wconf 90' lang='lat' dir='ltr'>oratione</span> <span class='ocrx_word' id='word_1_305' title='bbox 1162 2908 1207 2952; x_wconf 90' lang='lat' dir='ltr'>in</span> <span class='ocrx_word' id='word_1_306' title='bbox 1240 2908 1443 2951; x_wconf 86' lang='lat' dir='ltr'>Platonis</span> <span class='ocrx_word' id='word_1_307' title='bbox 1474 2908 1715 2951; x_wconf 88' lang='lat' dir='ltr'>Phaedro</span> <span class='ocrx_word' id='word_1_308' title='bbox 1752 2905 1952 2952; x_wconf 77' lang='lat' dir='ltr'>exhibita</span> 
     </span>
     <span class='ocr_line' id='line_1_38' title="bbox 249 2977 1951 3034; baseline 0.003 -17"><span class='ocrx_word' id='word_1_309' title='bbox 249 2977 405 3022; x_wconf 77' lang='lat' dir='ltr'>(23on</span> <span class='ocrx_word' id='word_1_310' title='bbox 429 2979 559 3031; x_wconf 70' lang='lat' dir='ltr'>sqq),</span> <span class='ocrx_word' id='word_1_311' title='bbox 592 2992 718 3031; x_wconf 85' lang='lat' dir='ltr'>quam</span> <span class='ocrx_word' id='word_1_312' title='bbox 749 2981 846 3033; x_wconf 91' lang='lat' dir='ltr'>quis</span> <span class='ocrx_word' id='word_1_313' title='bbox 875 2980 1106 3034; x_wconf 90' lang='lat' dir='ltr'>scripserit</span> <span class='ocrx_word' id='word_1_314' title='bbox 1136 2985 1339 3023; x_wconf 86' lang='lat' dir='ltr'>utrumve</span> <span class='ocrx_word' id='word_1_315' title='bbox 1361 2979 1495 3023; x_wconf 88' lang='lat' dir='ltr'>Plato</span> <span class='ocrx_word' id='word_1_316' title='bbox 1518 2980 1763 3023; x_wconf 87' lang='lat' dir='ltr'>orationem</span> <span class='ocrx_word' id='word_1_317' title='bbox 1785 2977 1951 3033; x_wconf 72' lang='lat' dir='ltr'>Lysiae</span> 
     </span>
    </p>
   </div>
   <div class='ocr_carea' id='block_1_10' title="bbox 2044 2674 2080 3424">
    <p class='ocr_par' dir='ltr' id='par_1_10' title="bbox 2044 2674 2080 3424">
     <span class='ocr_line' id='line_1_39' title="bbox 2044 2674 2080 3424; baseline 0 0"><span class='ocrx_word' id='word_1_318' title='bbox 2044 2674 2080 3424; x_wconf 95' lang='lat' dir='ltr'> </span> 
     </span>
    </p>
   </div>
  </div>
 </body>
</html>
