2080 3424
1099 342 1153 382 56

267 486 444 539 Οὐκοῦν,
487 484 537 542 ἧν
582 482 623 528 δ’
669 484 767 540 ἐγώ,
812 483 916 540 μετὰ
952 488 1074 526 τοῦτο
1117 482 1386 526 ἐπισκεπτέον
1429 482 1503 538 τήν
1549 496 1594 524 τε
1630 481 1862 538 τραγῳδίαν
1902 482 1976 525 καὶ

265 558 335 602 τὸν
372 556 556 615 ἡγεμόνα
593 557 717 611 αὐτῆς
752 552 958 611 “Ομηρον,
998 554 1139 610 ἐπειδή
1177 567 1296 598 τινων,
1333 553 1553 609 ἀκούομεν,
1590 553 1651 594 ὅτι
1687 551 1799 596 οὗτοι
1838 552 1975 604 πάσας

267 632 339 686 μὲν
378 629 526 686 τέχνας
569 627 818 680 ἐπίστανται,
862 626 997 669 πάντα
1041 627 1085 669 δὲ
1120 628 1173 668 τὰ
1215 625 1458 682 ἀνθρώπεια
1494 627 1546 667 τὰ
1581 626 1683 681 πρὸς
1719 625 1868 680 ἀρετὴν
1902 625 1974 667 καὶ

267 701 430 754 κακίαν,
471 701 541 742 καί
578 698 630 741 τά
666 713 714 753 γε
751 698 850 740 θεῖα
888 697 945 739 ad
983 696 1295 739 Antisthenem
1332 696 1553 749 respicere
1590 694 1814 738 Dlimmler
1854 707 1895 749 p.
1918 694 1975 738 29

268 771 432 825 optimo
476 770 570 812 iure
614 767 857 811 contendit.
921 766 1048 822 Quod
1093 768 1132 811 si
1179 767 1413 810 Niceratus
1446 766 1573 810 dicit:
1606 769 1693 811 ἴστε
1723 767 1830 820 κτλ,
1864 765 1974 810 haec

268 847 313 886 et
351 842 482 885 rebus
521 846 565 883 et
605 839 767 892 verbis,
814 852 928 893 quae
970 840 1089 893 apud
1133 839 1366 883 Platonem
1409 838 1608 893 legimus,
1654 838 1973 892 quodammodo

267 913 427 957 similia
473 917 588 956 sunt.
651 913 797 963 Πάσας
842 912 1002 969 τέχνας,
1052 923 1163 964 quas
1201 911 1333 954 Plato
1372 914 1696 964 commemorat,
1738 909 1974 953 Niceratus

267 998 353 1029 non
398 985 604 1028 universe
637 984 714 1026 sed
747 983 1004 1037 singulatim
1036 982 1197 1026 adfert.
1262 982 1427 1026 Postea
1464 983 1597 1025 etiam
1630 993 1788 1025 versus
1819 981 1975 1025 Home-

268 1058 397 1110 ricos,
433 1055 507 1110 qui
546 1056 650 1099 item
688 1056 733 1098 in
771 1054 877 1098 Ione
916 1054 1094 1109 dialogo
1134 1055 1239 1109 (537
1258 1054 1320 1109 A>
1353 1057 1603 1106 occurrunt,
1637 1053 1806 1096 laudat.
1867 1051 1976 1108 Qui-

270 1130 350 1171 bus
395 1128 594 1171 omnibus
642 1127 773 1170 rebus
807 1126 1011 1180 efficitur,
1051 1131 1101 1169 ut
1133 1123 1382 1179 Niceratus,
1423 1126 1539 1169 alter
1584 1124 1711 1179 quasi
1742 1124 1975 1168 Antisthe-

267 1213 358 1253 nes,
392 1201 484 1242 eius
528 1198 775 1242 sententias
820 1204 865 1241 et
910 1198 1109 1252 exempla
1152 1197 1401 1250 Homerica,
1436 1198 1594 1250 quibus
1639 1196 1713 1240 ille
1753 1208 1859 1239 usus
1890 1199 1973 1248 est,

268 1270 481 1325 proferat.
546 1270 835 1313 Antisthenes
873 1271 967 1323 ipse
1008 1270 1276 1321 Niceratum,
1315 1273 1365 1311 ut
1398 1281 1463 1322 ea,
1504 1280 1616 1322 quae
1649 1268 1974 1322 pronuntiavit,

268 1343 485 1396 suppleat,
526 1341 779 1385 interfatur.
843 1341 948 1384 Cum
987 1342 1031 1384 id
1070 1345 1256 1395 spectet,
1297 1345 1345 1384 ut
1384 1353 1438 1384 ex
1469 1341 1632 1383 eisdem
1663 1339 1846 1382 Homeri
1876 1351 1974 1382 car-

268 1414 455 1457 minibus
500 1413 643 1466 qualis
687 1425 877 1456 summus
922 1425 1002 1456 rex
1045 1412 1119 1466 sit,
1162 1413 1371 1465 cognosci
1414 1423 1543 1465 posse
1588 1412 1722 1464 dicat,
1763 1410 1974 1455 Nicerato

269 1486 513 1539 opitulatus
558 1485 719 1538 probat
757 1484 994 1527 Homerum
1033 1496 1182 1527 omnes
1224 1484 1280 1526 ad
1318 1495 1389 1526 res
1422 1483 1634 1526 humanas
1666 1482 1973 1536 respicientem

268 1558 464 1600 carmina
497 1569 576 1599 sua
608 1556 917 1609 composuisse,
952 1559 1088 1609 atque
1126 1567 1190 1609 ea,
1226 1567 1339 1608 quae
1372 1554 1505 1597 Plato
1538 1555 1592 1597 de
1624 1553 1859 1598 sententiis
1890 1554 1975 1597 An-

274 1629 480 1671 tisthenis
502 1628 749 1672 Homericis
782 1628 902 1680 dicit,
938 1627 1182 1671 confirmat.
1245 1627 1355 1670 Nam
1388 1627 1446 1669 ad
1478 1627 1671 1670 virtutes
1707 1638 1736 1669 a
1765 1625 1978 1670 Nicerato

269 1704 522 1743 numeratas
567 1693 857 1744 Antisthenes
907 1703 1126 1753 quartam,
1176 1700 1388 1742 virtutem
1437 1698 1591 1752 optimi
1638 1698 1770 1753 regiS,
1822 1697 1974 1741 adicit.

270 1771 367 1814 Non
400 1771 539 1826 igitur
562 1772 738 1815 dubium
762 1776 844 1823 est,
869 1773 973 1825 quin
996 1772 1054 1814 ab
1076 1771 1344 1814 Antisthene
1373 1770 1455 1813 hoc
1478 1770 1574 1813 loco
1597 1782 1704 1813 suae
1725 1768 1976 1812 sententiae

271 1843 556 1896 proferantur
600 1848 735 1896 atque
774 1856 930 1886 versus
975 1843 1157 1886 Homeri
1194 1844 1251 1885 ab
1297 1855 1348 1885 eo
1393 1842 1602 1884 laudatus
1646 1853 1734 1884 una
1771 1853 1866 1884 cum
1897 1841 1975 1894 eis,

271 1915 346 1967 qui
377 1919 598 1968 secuntur,
629 1927 652 1958 e
674 1915 789 1957 libro
812 1914 1123 1958 Antisthenico
1148 1913 1331 1957 haustus
1354 1914 1425 1956 sit.
1491 1912 1631 1956 Simili
1661 1912 1802 1967 igitur
1832 1913 1975 1965 modo,

271 1998 356 2038 quo
390 1986 598 2029 Socrates
632 1986 768 2029 Oonv.
793 1987 870 2038 3‚6
900 1985 1178 2029 Antisthenis
1202 1985 1342 2028 verba
1369 1985 1462 2027 eius
1485 1984 1622 2038 ipsius
1645 1985 1850 2027 doctrina
1871 1995 1977 2027 usus

271 2058 461 2110 supplet,
487 2058 569 2100 hoc
604 2059 700 2101 loco
725 2058 1014 2100 Antisthenes
1038 2057 1389 2111 Xenophonteus
1412 2055 1610 2098 Nicerati
1640 2056 1792 2108 verba,
1818 2054 1976 2109 quibus

271 2129 378 2172 nihil
410 2130 530 2172 aliud
563 2131 679 2173 inest
711 2130 798 2172 nisi
829 2130 945 2183 quod
968 2129 1259 2172 Antisthenes
1291 2127 1386 2181 ipse
1413 2127 1527 2170 libro
1561 2128 1750 2180 quodam
1782 2127 1974 2180 scripsit,

275 2202 327 2243 de
360 2213 438 2244 suo
487 2201 676 2254 supplet.
740 2201 813 2244 Sic
859 2201 1169 2254 Xenophontis
1218 2200 1435 2242 rationem
1483 2198 1621 2241 libros
1669 2197 1977 2242 conscribendi

273 2273 435 2324 optime
488 2274 796 2325 perspicimus:
869 2273 1150 2315 Antisthenis
1202 2270 1436 2314 sententiis
1488 2282 1606 2322 usus,
1655 2282 1748 2312 cum
1787 2269 1975 2312 alterum

272 2344 392 2395 haec,
427 2343 614 2386 alterum
646 2344 724 2386 illa
757 2345 975 2387 dicentem
1007 2343 1129 2397 facit,
1163 2344 1207 2386 in
1240 2354 1482 2386 sermonem
1514 2341 1808 2395 conglutinat.

390 2415 513 2458 Haec
546 2416 745 2469 exempla
775 2417 932 2458 idonea
965 2420 1082 2469 sunt,
1106 2415 1264 2468 quibus
1286 2413 1624 2467 Xenophontem
1646 2412 1849 2456 Platonis
1877 2415 1977 2455 arte

273 2499 358 2529 non
390 2488 456 2529 uti
488 2488 702 2530 certiores
735 2487 898 2530 fiamus.
965 2487 1098 2530 Immo
1123 2487 1249 2529 huius
1271 2486 1388 2528 modi
1409 2484 1517 2527 locis
1540 2485 1595 2526 ad
1621 2484 1787 2538 placita
1819 2483 1975 2526 utrius·

274 2570 356 2610 que
388 2558 637 2601 adversarii
670 2559 990 2602 conscribenda
1022 2571 1107 2601 uno
1139 2558 1282 2600 utitur
1313 2556 1449 2600 fonte.

394 2629 561 2684 Quibus
597 2631 724 2672 rebus
757 2630 989 2684 absolutis,
1023 2642 1118 2673 cum
1140 2630 1194 2672 de
1216 2640 1336 2672 more
1359 2626 1629 2671 Graecorum
1652 2627 1696 2670 in
1719 2625 1978 2671 auctoribus

276 2700 527 2743 adferendis
566 2703 676 2744 satis
714 2702 853 2744 multa
892 2702 1282 2755 disputaverimus
1322 2712 1471 2743 eorum
1517 2699 1728 2741 laudandi
1770 2701 1977 2741 auctores

275 2776 543 2815 consuetudo
576 2774 619 2815 in
653 2773 903 2816 universum
937 2772 1228 2816 describenda
1260 2774 1341 2814 est.

395 2843 457 2886 Ne
490 2845 551 2886 eis
585 2844 757 2897 quidem
792 2846 1052 2897 rationibus,
1094 2856 1204 2897 quas
1241 2843 1367 2885 modo
1402 2842 1708 2894 tractavimus,
1747 2852 1839 2883 cum
1873 2840 1978 2882 arti-

276 2913 574 2957 flciosissimae
635 2915 722 2957 sint
782 2922 826 2958 et
885 2916 977 2959 fere
1037 2920 1263 2969 poetarum
1323 2915 1451 2956 modo
1509 2913 1821 2965 adhibeantur,
1873 2910 1976 2954 scri-

280 2989 427 3034 ptores
481 2987 544 3027 uti
597 2992 778 3039 possunt
832 2987 916 3029 nisi
969 2987 1010 3029 in
1064 2986 1189 3029 libris
1241 2984 1484 3028 esotericiS.
1549 2984 1689 3027 Porro
1743 2995 1837 3026 cum
1895 2981 1977 3024 hae
