2080 3424
1085 273 1236 335 2—-

248 418 513 472 pedestrium
533 414 679 458 verbis
702 414 894 456 laudatis
917 412 1086 466 seiungi
1107 413 1205 466 ipsa
1222 410 1483 464 quaestione
1501 408 1818 462 progrediente
1834 420 1947 452 com-

248 488 519 543 probabitur.
583 487 687 530 Cum
710 490 855 528 antem
882 484 1147 538 scriptorum
1171 483 1289 525 ratio
1307 481 1518 524 laudandi
1536 484 1692 534 poetas
1710 491 1948 534 eorumque

249 572 402 603 versus
445 557 618 602 facilius
660 556 805 600 altera
847 555 1037 610 perspici
1080 566 1209 608 posse
1250 554 1471 606 videatur,
1512 552 1569 595 ab
1608 563 1662 595 ea
1701 542 1948 596 disserendi

248 631 416 674 initium
449 628 671 671 faciamus.
1782 631 1785 633 ·

1003 757 1112 804 Pars
1146 757 1175 802 1.

365 844 596 887 Numerum
618 856 821 886 versuum
844 855 870 885 a
893 841 1188 896 scriptoribus
1205 839 1391 884 Graecis
1414 840 1696 882 laudatorum
1718 837 1947 892 plurimum

248 929 343 960 esse
385 917 470 959 iam
512 916 813 969 Hermogenes
857 926 908 958 eo
952 914 1069 967 libri,
1115 912 1190 967 qui
1228 914 1319 969 περὶ
1358 913 1476 955 ἰδεῶν
1517 908 1791 963 inscribitur,
1834 908 1947 963 loco,

250 1000 334 1042 quo
378 989 430 1030 de
475 985 676 1030 versibus
721 985 914 1029 orationi
958 985 1155 1039 pedestri
1195 983 1441 1026 inserendis
1480 982 1621 1025 verba
1657 979 1781 1035 facit,
1819 980 1947 1024 dicit:

249 1062 320 1103 καὶ
357 1058 540 1116 ἀφθονία
560 1060 900 1116 παραδειγμάτων
922 1057 1044 1111 ἐστίν,
1077 1059 1116 1101 εἴ
1138 1070 1195 1108 τις
1216 1055 1401 1112 ἐκλέγειν
1427 1052 1524 1111 παρ’
1554 1054 1733 1098 ἑκάστου
1763 1053 1951 1111 βούλοιτο

249 1130 397 1182 (Rhet.
416 1129 572 1173 Graec.
596 1141 683 1172 rec.
702 1129 906 1183 Spengel.
927 1129 982 1182 II,
1007 1141 1047 1182 p.
1071 1127 1171 1180 363,
1182 1127 1244 1182 4).
1279 1126 1542 1169 Laudantur
1565 1137 1646 1179 pro
1663 1124 1748 1168 hoc
1766 1135 1948 1168 numero

248 1201 379 1245 etiam
402 1201 527 1244 multi
555 1205 725 1254 poetae,
759 1200 876 1244 inter
908 1212 1018 1254 quos
1050 1198 1211 1242 ceteris
1246 1198 1389 1252 poetis
1411 1197 1628 1240 Homerus
1659 1196 1718 1239 ab
1749 1195 1950 1240 omnibus

249 1273 538 1326 scriptoribus
571 1271 833 1326 praefertur.
897 1271 1029 1314 Cuius
1058 1284 1081 1314 e
1110 1270 1377 1313 carminibus
1409 1268 1694 1322 philosophos
1725 1267 1948 1321 antiquos,

249 1345 323 1398 qui
354 1345 397 1386 in
430 1343 646 1387 naturalis
679 1344 983 1398 philosophiae
1017 1342 1163 1386 studio
1196 1341 1455 1394 floruerunt,
1488 1340 1718 1383 doctrinas
1749 1337 1950 1383 hausisse

250 1420 424 1458 veteres
465 1415 806 1458 arbitrabantur
847 1414 1164 1469 (Sengebusch,
1204 1413 1321 1456 Diss.
1353 1412 1479 1455 Hom.
1514 1424 1579 1465 pr.
1611 1423 1684 1465 pp.
1721 1410 1816 1464 131,
1850 1410 1949 1463 135,

254 1486 364 1542 137).
427 1487 614 1529 Etiamsi
651 1499 722 1529 res
761 1486 895 1529 aliter
933 1498 979 1529 se
1019 1486 1167 1538 habet,
1212 1489 1357 1527 tamen
1393 1495 1541 1526 omnes
1573 1495 1668 1526 eum
1701 1482 1949 1536 respexisse

250 1558 456 1600 videntur
478 1557 685 1611 (Friedel,
710 1558 775 1600 De
798 1557 953 1611 philos
978 1556 1136 1600 Graec.
1160 1557 1276 1598 stud.
1300 1556 1426 1598 Hom.
1452 1555 1503 1609 1).
1567 1553 1654 1597 Sed
1675 1565 1773 1596 cum
1787 1553 1950 1597 Anaxi-

248 1630 418 1671 mandri
449 1634 494 1672 et
525 1629 808 1672 Anaximenis
847 1630 1016 1682 scripta
1055 1627 1181 1671 nobis
1215 1639 1368 1681 parum
1401 1626 1582 1681 cognita
1614 1625 1718 1679 sint,
1750 1637 1832 1669 nec
1861 1635 1949 1669 non
2020 1621 2021 1624 ’

250 1700 635 1754 logographorum,
649 1713 733 1754 quo
748 1702 792 1743 in
805 1712 985 1743 numero
1002 1701 1076 1753 qui
1090 1706 1160 1742 est
1173 1699 1426 1742 Hecataeus
1441 1710 1518 1740 cur
1529 1709 1616 1740 non
1632 1708 1788 1740 versus
1802 1697 1950 1751 epicos

250 1772 363 1814 sicut
381 1772 630 1814 Herodotus
648 1772 915 1825 laudaverit,
932 1784 1019 1815 non
1038 1778 1119 1825 est,
1137 1772 1353 1814 Homerus
1371 1771 1415 1812 in
1433 1773 1664 1812 auctorum
1681 1767 1949 1823 pedestrium

251 1844 517 1886 Graecorum
556 1844 618 1885 eis
657 1843 855 1897 reliquiis
893 1842 1058 1896 primis,
1101 1854 1214 1896 quae
1253 1854 1306 1885 ex
1338 1840 1560 1885 Heracliti
1603 1840 1718 1884 libro
1749 1842 1951 1894 sumptae

251 1918 365 1966 sunt,
404 1914 580 1968 legitur.
644 1914 774 1957 Cuius
813 1915 940 1957 unius
979 1927 1001 1957 e
1043 1926 1221 1956 numero
1255 1914 1534 1966 scriptorum,
1569 1911 1782 1966 quiante
1812 1910 1951 1955 Hero-

252 1986 398 2028 dotum
437 1985 692 2038 floruerunt,
732 1986 985 2040 fragmenta
1025 1986 1136 2028 talia
1174 1989 1289 2038 sunt,
1330 1989 1379 2027 ut
1411 1985 1468 2027 ad
1500 1984 1614 2026 hanc
1646 1982 1950 2037 quaestionem

252 2056 564 2099 instituendam
598 2058 873 2110 respicienda
905 2057 1007 2099 sint.
1072 2057 1305 2099 Homerum
1336 2057 1447 2099 enim
1481 2055 1595 2098 sicut
1625 2053 1950 2107 Archilochum,

253 2139 360 2180 quos
404 2140 427 2170 e
472 2129 783 2170 certaminibus
829 2128 1048 2171 eiciendos
1093 2136 1137 2171 et
1183 2128 1324 2181 virgis
1362 2127 1609 2170 caedendos
1654 2125 1772 2179 vult,
1809 2123 1864 2168 fr.
1892 2124 1949 2168 42

252 2197 395 2251 (Diels
420 2197 475 2239 D.
501 2198 678 2253 Fragym„
704 2199 743 2240 d.
768 2199 962 2242 Vorsokr.
988 2213 1027 2253 p.
1054 2200 1130 2254 73)
1153 2199 1451 2253 reprehendit.
1515 2199 1668 2252 Neque
1689 2197 1831 2241 minus
1853 2208 1951 2240 con—

253 2269 448 2322 temptim
481 2269 580 2312 aliis
608 2270 869 2324 fragmentis
892 2271 1129 2314 Hesiodum
1154 2276 1199 2314 et
1215 2271 1529 2324 Xenophanem
1553 2269 1753 2313 nominat
1776 2268 1851 2323 (D.
1872 2268 1950 2320 40;

252 2341 322 2387 ι’)ῑ,
370 2340 592 2394 Byw.16·,
637 2343 722 2394 35).
799 2342 1041 2385 Praeterea
1086 2355 1180 2385 eum
1227 2343 1384 2385 iterum
1434 2343 1671 2385 Homerum
1717 2341 1772 2384 de
1802 2351 1950 2389 ,versu

253 2412 285 2454 Σ
317 2412 394 2454 1οῖ
437 2413 767 2465 reprehendisse
806 2426 858 2456 ex
897 2413 1156 2457 Aristotelis
1195 2414 1298 2456 Etb.
1329 2414 1440 2456 Eud.
1472 2413 1556 2456 VII
1584 2415 1603 2456 1
1635 2426 1677 2467 p.
1711 2411 1868 2456 1235a
1894 2410 1951 2454 26

254 2482 393 2535 (Byw.
425 2483 477 2525 fr.
507 2484 584 2537 43)
629 2485 798 2527 scimus.
883 2485 1006 2540 Quae
1053 2485 1317 2539 fragmenta,
1352 2497 1615 2539 quamquam
1658 2496 1746 2528 non
1777 2483 1950 2536 docent,

254 2565 351 2595 num
400 2554 652 2597 Heraclitus
697 2568 850 2598 versus
893 2558 1011 2610 ipsos
1052 2563 1280 2610 poetarum
1325 2557 1604 2600 laudatorum
1648 2554 1950 2609 exscripserit,

257 2628 399 2667 tamen
429 2626 471 2667 in
500 2625 613 2668 hanc
645 2628 943 2679 quaestionem
976 2630 1154 2671 cadunt.
1218 2628 1369 2682 Neque
1402 2629 1516 2671 enim
1548 2626 1824 2671 Heraclitum
1857 2637 1951 2670 ver·

256 2707 328 2736 sus
360 2696 644 2749 exscripsisse
683 2704 864 2751 propter
903 2700 994 2742 eius
1034 2712 1171 2753 genus
1211 2700 1385 2742 dicendi
1424 2698 1780 2742 obscurissimum
1815 2701 1951 2751 atque

259 2764 557 2809 brevissimum
596 2769 832 2811 verisimile
873 2775 952 2822 est,
992 2771 1067 2813 sed
1110 2772 1286 2813 nomina
1327 2776 1556 2824 poetarum
1597 2768 1775 2813 adferre
1815 2772 1952 2823 atque

257 2848 572 2890 nonnumquam
635 2852 705 2882 res
763 2841 1013 2893 significare
1073 2842 1250 2883 videtur
1308 2846 1543 2885 contentus
1603 2840 1752 2884 fuisse.
1843 2837 1952 2895 Quis

258 2919 363 2959 ergo
408 2915 632 2952 auctorum
679 2911 943 2963 pedestrium
989 2911 1259 2955 Graecorum
1305 2914 1467 2966 primus
1512 2925 1667 2956 versus
1709 2910 1952 2965 exscripse-
