2080 3424
1019 336 1076 378 ‘20

193 479 395 523 Ceterum
435 479 611 522 dubium
649 482 731 530 est,
771 489 870 520 num
902 476 1158 519 Heraclitus
1196 476 1330 519 πάντα
1361 483 1491 533 χωρεῖ
1524 478 1596 519 καί
1636 477 1755 521 οὐδὲν
1782 475 1898 534 μένει

194 553 286 605 ipse
342 549 590 603 scripserit,
653 550 779 591 immo
827 547 957 590 Plato
1012 547 1079 590 his
1126 546 1279 590 verbis
1329 559 1432 589 usus
1479 546 1588 590 illud
1634 546 1896 602 simpliciter

131 639 133 641 ¹
193 624 354 665 dictum
415 623 549 666 πάντα
609 622 668 677 ῥεῖ
730 619 945 662 dilatasse
1006 623 1142 672 atque
1194 618 1490 672 explicavisse
1543 618 1742 671 videtur,
1793 630 1894 663 nam

193 693 438 747 Simplicius
498 693 541 734 in
595 692 733 734 Arist.
787 690 922 744 Phys.
975 689 1005 733 f.
1045 690 1132 733 308
1165 690 1192 733 b
1253 689 1363 733 haec
1424 690 1587 733 tradit:
1649 693 1744 743 τοὺς
1777 693 1897 749 ,περὶ

193 764 456 823 Ἡράκλειτον
507 764 562 814 εἰς
613 765 687 819 τὴν
737 763 934 820 ἐνδελεχῆ
968 794 977 804 .
1012 795 1020 804 .
1056 794 1066 804 .
1099 761 1209 814 εἰκός
1259 762 1482 818 ἑστιλὲγειν
1533 763 1594 805 ὅτι
1645 763 1710 806 ἀεὶ
1758 762 1898 807 πάντα

192 838 263 893 ῥεῖ,
314 838 383 879 καί
436 838 495 878 ὅτι
546 834 603 886 εἰς
653 837 723 877 τὸν
775 834 900 877 αὐτὸν
950 836 1135 890 ποταμὸν
1186 834 1245 885 δὶς
1296 835 1375 876 οὐκ
1425 835 1475 877 ἂν
1525 832 1696 891 ἐμβαίης
1746 832 1895 888 (ByW.

191 908 244 950 fr.
278 910 329 949 41
373 908 507 958 adn).
589 905 730 949 Porro
793 904 1070 948 conferamus
1134 904 1272 947 verba
1332 904 1553 948 Heracliti
1613 917 1642 948 a
1701 904 1897 949 Platone

192 980 372 1021 laudata
426 990 519 1020 cum
574 977 655 1027 εἰς,
710 988 823 1030 quae
878 977 922 1019 in
968 975 1370 1029 Pseudoplutarchi
1416 975 1708 1020 Naturalibus
1753 976 1920 1033 Quae-⁴

192 1050 407 1093 stionibus
456 1050 500 1102 (2
536 1062 577 1102 p.
601 1049 701 1102 912,
751 1049 872 1102 Byw.
897 1049 950 1090 41
1001 1048 1122 1102 adn.)
1167 1047 1367 1102 legimus,
1414 1050 1465 1091 ut
1511 1049 1728 1101 quomodo
1774 1048 1897 1092 inter

192 1136 237 1165 se
269 1121 549 1172 dissentiant,
591 1125 858 1162 statuamus:
897 1122 949 1163 τὰ
984 1121 1066 1177 γὰρ
1102 1127 1261 1176 πηγαῖα
1291 1121 1362 1162 καὶ
1392 1120 1573 1176 ποτάμια
1604 1120 1767 1177 νάματα
1796 1121 1895 1178 πρό-

190 1209 327 1250 σφατα
368 1193 440 1249 μὲν
481 1193 567 1235 ἐστι
603 1194 674 1234 καὶ
710 1199 898 1248 νεογενῆ·
960 1199 1176 1248 ποταμοῖσι
1218 1193 1298 1248 γὰρ
1341 1193 1399 1242 δὶς
1435 1198 1519 1243 τοῖς
1555 1193 1692 1243 αὐτοῖς
1729 1193 1807 1235 οὐκ
1843 1193 1894 1236 ἂν

189 1265 369 1321 ἐμβαίης,
412 1266 466 1315 ὥς
510 1279 609 1320 φησι
650 1258 928 1319 Ἡράκλειτος.
998 1261 1264 1317 Quibuscum
1309 1261 1474 1316 verbis,
1516 1274 1630 1316 quae
1673 1262 1894 1306 Heracliti

191 1336 282 1379 fere
320 1336 455 1388 ipsius
489 1347 585 1377 esse
627 1333 836 1378 videntur
875 1332 947 1386 (cf.
971 1334 1096 1388 Byw.
1117 1332 1172 1376 fr.
1195 1335 1266 1388 42,
1309 1333 1433 1381 Diels
1464 1333 1632 1387 68,12),
1671 1346 1736 1386 ea,
1778 1346 1894 1388 quae

190 1408 304 1460 apud
336 1406 565 1449 Platonem
609 1411 799 1458 exstant,
843 1417 929 1448 non
962 1406 1245 1448 consentiunt
1285 1404 1372 1448 nisi
1403 1417 1545 1458 pauca
1580 1404 1659 1448 illa
1694 1407 1895 1449 extremo

190 1479 284 1522 loco
331 1477 486 1531 posita.
550 1477 661 1519 Nam
704 1490 783 1531 pro
828 1489 1006 1520 numero
1048 1476 1210 1530 plurali
1254 1488 1375 1519 more
1419 1480 1650 1530 poetarum
1691 1471 1894 1520 adhibito

192 1550 321 1592 Plato
352 1562 530 1592 numero
564 1548 780 1603 singulari
822 1549 1012 1591 sermoni
1044 1549 1311 1602 scriptorum
1349 1547 1618 1602 pedestrium
1650 1559 1894 1591 accommo-

190 1621 361 1664 datiore
400 1620 541 1663 utitur
569 1625 703 1673 atque
726 1620 961 1663 dialectum
982 1620 1013 1663 J
1017 1621 1200 1674 onicam,
1234 1632 1363 1673 quam
1385 1620 1489 1663 Nat.
1513 1618 1696 1674 Quaest.
1718 1625 1894 1674 auctor,

190 1693 225 1734 si
272 1705 359 1736 non
404 1692 503 1734 aliis
550 1693 594 1734 in
643 1692 804 1745 verbis,
850 1698 898 1734 at
940 1697 1061 1734 certe
1105 1692 1148 1734 in
1187 1700 1405 1749 ποταμοῖσι
1443 1691 1682 1745 exscriptis
1722 1695 1894 1745 servat,

190 1765 360 1807 omnino
393 1764 604 1817 neglegit.

328 1836 670 1878 Accuratissime
733 1835 838 1878 illud
890 1835 1171 1889 Protagorae
1222 1834 1407 1878 Theaet.
1462 1836 1545 1878 152
1594 1834 1635 1876 Α
1687 1834 1892 1877 oratione

190 1906 369 1959 obliqua
402 1906 684 1949 exscribitur:
719 1907 818 1964 φησί
846 1907 927 1963 γάρ
948 1921 1028 1950 που
1056 1907 1222 1951 πάντων
1242 1907 1466 1964 χρημάτων
1494 1907 1640 1964 μὲτρον
1667 1907 1897 1963 ἄνθρωπον

189 1978 302 2032 εἶναι,
346 1986 426 2021 τῶν
466 1979 537 2035 μὲν
569 1981 710 2033 ὄντων,
755 1979 810 2030 ὡς
841 1980 940 2033 ἔστι,
983 1983 1066 2022 τῶν
1097 1979 1142 2021 δὲ
1174 1980 1229 2036 μὴ
1273 1980 1416 2033 ὄντων,
1461 1979 1516 2030 ὡς
1559 1980 1638 2021 οὐκ
1667 1979 1789 2022 ἔστιν.
1821 1978 1895 2020 ἀν-

189 2050 372 2105 έγνωκας
392 2051 471 2107 γάρ
502 2065 601 2104 που;
644 2049 810 2092 Eadem
849 2050 988 2092 verba
1020 2061 1047 2091 a
1079 2049 1215 2093 Sexto
1243 2049 1465 2103 Empirico
1499 2050 1622 2104 (adv.
1644 2048 1780 2092 math.
1805 2046 1891 2091 VlI

189 2120 262 2171 60)
301 2128 345 2163 et
387 2121 585 2174 Diogene
624 2121 808 2163 Laertio
841 2121 907 2164 IX
941 2122 993 2164 51
1037 2121 1112 2176 (cf.
1142 2120 1266 2163 Diels
1295 2133 1335 2174 p.
1366 2121 1474 2175 518)
1519 2121 1722 2163 oratione
1764 2123 1891 2162 recta

190 2193 439 2244 traduntur,
473 2193 727 2245 quibuscum
761 2193 997 2235 Theaeteti
1029 2192 1168 2236 verba
1199 2196 1458 2245 comparata
1480 2191 1713 2235 Platonem
1733 2189 1894 2233 Prota-

189 2274 324 2315 gorae
372 2263 498 2315 quasi
547 2263 749 2317 vestigiis
796 2263 1004 2307 insistere
1052 2268 1188 2317 atque
1235 2275 1328 2306 cum
1377 2275 1428 2306 eo
1475 2264 1519 2306 in
1567 2263 1714 2307 altera
1758 2269 1890 2318 parte

189 2335 434 2376 sententiae
467 2336 704 2388 exscripta,
743 2336 799 2377 ad
832 2347 961 2388 quam
1001 2336 1147 2378 oratio
1179 2334 1361 2388 obliqua
1391 2346 1478 2377 non
1511 2335 1720 2389 pertinet,
1759 2335 1894 2390 plane

189 2405 437 2448 vonsentire
492 2407 664 2449 docent.
743 2406 828 2449 Sed
888 2407 957 2449 hic
1004 2407 1125 2449 locus
1171 2407 1356 2449 idoneus
1403 2411 1485 2460 est,
1534 2418 1587 2449 ex
1636 2418 1722 2460 quo
1768 2407 1888 2450 aliud

190 2474 418 2518 discamus.
482 2476 691 2520 Socrates
732 2478 857 2526 enim,
904 2484 1127 2531 tamquam
1172 2490 1258 2532 quo
1303 2478 1567 2531 scriptorum
1606 2478 1888 2533 Protagorae

190 2546 285 2588 loco
320 2548 455 2590 verba
487 2548 670 2590 laudata
702 2548 988 2592 inveniantur
1019 2550 1245 2603 ignorans,
1275 2551 1374 2606 φησί
1394 2549 1475 2607 γάρ
1495 2565 1576 2593 που
1597 2550 1718 2604 dicit,
1743 2562 1889 2604 quam·

190 2629 315 2669 quam
340 2631 433 2660 eum
451 2618 730 2672 Protagorae
754 2619 925 2672 librum,
949 2632 1036 2673 quo
1054 2619 1194 2663 verba
1211 2619 1289 2663 illa
1307 2619 1539 2663 notissima
1556 2620 1725 2674 scripta
1741 2627 1886 2676 erant,

178 2688 303 2730 -liaud
338 2689 546 2742 ignorare
580 2691 719 2733 verba
751 2692 986 2747 ἀνέγνωκας
1016 2692 1096 2749 γάρ
1129 2705 1230 2744 που;
1275 2691 1542 2745 significant.
1607 2692 1721 2748 Quin
1754 2693 1887 2736 etiam

193 2759 327 2801 verba
359 2773 381 2802 e
414 2760 526 2804 libro
570 2762 756 2815 quodam
801 2762 1030 2806 notissimo
1074 2767 1211 2816 atque
1242 2775 1269 2805 a
1299 2762 1450 2807 multis
1482 2762 1688 2807 lectitato
1727 2763 1888 2808 hausta

190 2841 284 2871 esse
323 2843 387 2882 eo,
430 2833 543 2884 quod
567 2833 836 2877 Theaetetus
870 2834 1044 2877 Socrati
1077 2835 1293 2891 ἀνέγνωκα
1313 2837 1383 2878 καὶ
1411 2836 1612 2886 πολλάκις
1633 2837 1886 2890 respondet,

192 2902 358 2952 planius
405 2903 467 2944 fit.
546 2904 703 2957 ltaque
751 2905 876 2947 huius
923 2906 1026 2948 libri
1074 2905 1249 2949 titulum
1300 2907 1464 2949 addere
1512 2906 1691 2950 Platoni
1739 2918 1887 2961 super·

193 2984 426 3014 vacaneum
460 2981 593 3027 atque
627 2975 780 3020 inutile
814 2977 1002 3020 videtur.
1068 2977 1176 3020 Aliis
1208 2983 1354 3020 autem
1388 2978 1496 3021 locis
1528 2978 1660 3021 Plato
1693 2977 1890 3022 eiusdem
