2080 3424
1062 280 1089 322 6

220 439 312 470 cum
344 425 563 469 infinitivo
595 424 665 467 fit:
700 436 787 478 qua
820 436 867 466 re
899 423 1064 467 factum
1097 429 1180 478 est,
1212 427 1263 465 ut
1293 434 1380 465 non
1413 422 1553 465 solum
1585 425 1815 466 structura
1845 422 1924 469 sed

220 498 350 540 etiam
383 496 605 539 sententia
628 496 862 538 verborum
891 498 1249 538 commutaretur.
1303 492 1508 536 Ceterum
1540 493 1622 536 hoc
1653 493 1751 537 loco
1782 493 1923 548 primo

219 569 480 626 παραπλοκὴ,
518 578 645 620 quam
679 571 813 609 vocat
845 566 1160 620 Hermogenes,
1193 565 1321 608 nobis
1355 563 1562 607 occurrit.
1623 563 1763 609 Simili
1793 564 1923 608 modo

219 653 246 682 a
268 639 562 692 Xenophonte
595 637 730 680 Conv.
765 638 873 690 4,45
913 649 1068 680 versus
1100 636 1150 679 ll.
1176 637 1195 679 I
1217 636 1299 679 122
1313 648 1379 689 sq.
1419 638 1675 678 structurae
1711 633 1924 681 infinitivi

219 710 373 754 inserti
406 716 526 752 sunt:
560 711 668 752 οὕτω
705 711 785 765 γὰρ
823 708 1143 765 πεπαιδευμένος
1183 709 1262 751 ὑπὸ
1303 705 1486 763 Ὁμήρου
1531 707 1722 764 ἀριθμεῖν

357 791 446 837 ἕπτ’
466 793 647 850 ἀπύρους
677 791 882 848 τρίποδας,
915 792 1018 835 δέκα
1048 791 1093 834 δὲ
1123 798 1292 848 χρυσοῖο
1323 790 1518 843 τάλαντα,

358 866 541 915 αἴθωνας
572 865 617 907 δὲ
647 863 822 920 λέβητας
852 863 1016 916 ἐείκοσι,
1049 862 1213 905 δώδεκα
1243 859 1286 904 δ’
1315 863 1475 915 ἵππους,

218 937 394 993 σταθμῷ
445 937 514 978 καὶ
561 936 726 993 ἀριθμῷ
769 935 824 986 ὡς
870 935 1064 977 πλείστου
1110 934 1291 977 πλούτου
1338 933 1554 990 ἐπιθυμῶν
1599 934 1653 978 ,οὔ
1699 932 1922 990 παύσομαι.

218 1008 346 1060 Apud
368 1006 604 1049 Homerum
638 1005 681 1047 hi
714 1006 961 1048 accusativi
992 1017 1046 1047 ex
1077 1008 1318 1047 anteeunte
1350 1005 1538 1061 ὀνομήνω
1570 1004 1778 1059 pendent,
1803 1004 1923 1058 apud

219 1077 555 1131 Xenophontem
602 1089 625 1119 e
674 1077 811 1119 verbo
859 1078 1062 1133 ἀριθμεῖν.
1127 1077 1292 1119 Versus
1338 1075 1478 1129 igitur
1515 1078 1769 1130 propterea,
1802 1075 1920 1129 quod

219 1154 263 1190 et
304 1149 489 1205 ὀνομήνω
532 1152 575 1191 et
621 1149 808 1205 ἀριθμὲω
841 1160 935 1190 cum
968 1149 1227 1191 accusativo
1260 1147 1602 1201 coniunguntur,
1633 1159 1722 1191 non
1759 1146 1924 1190 mutati

218 1224 333 1262 sunt.
396 1219 650 1272 Complures
691 1219 936 1261 huiusmodi
969 1219 1054 1262 loci
1087 1220 1204 1272 apud
1235 1218 1468 1262 Platonem
1499 1219 1800 1271 inveniuntur,
1833 1228 1920 1272 quo

219 1303 270 1332 ex
302 1302 480 1333 numero
514 1302 642 1333 unum
677 1290 928 1333 exscribere
959 1290 1064 1332 mihi
1096 1290 1245 1343 liceat,
1269 1289 1408 1344 Gorg.
1442 1289 1528 1333 526
1561 1289 1629 1332 Cn.
1663 1291 1685 1333 ὁ
1715 1290 1762 1334 δὲ
1780 1288 1922 1341 Μίνως

217 1363 451 1405 ἐπισκοπῶν
483 1363 668 1418 κάθηται
701 1363 821 1418 μόνος
852 1364 961 1419 ἔχων
991 1370 1170 1419 χρυσοῦν
1202 1369 1426 1419 σκῆπτρον,
1458 1361 1513 1413 ὥς
1546 1377 1669 1418 φησιν
1696 1358 1921 1412 Ὀδυσσεὺς

217 1434 239 1475 ὁ
268 1429 450 1490 Ὁμήρου
481 1434 579 1477 ἰδεῖν
611 1434 738 1477 αὐτὸν

357 1517 530 1573 χρύσεον
562 1522 772 1573 σκῆπτρον
804 1519 966 1574 ἔχοντα,
999 1516 1298 1574 θεμιστεύοντα
1328 1515 1519 1560 νέκυσσιν
1551 1517 1593 1570 (λ
1614 1516 1736 1571 569).

334 1611 519 1654 Praeter
551 1613 702 1655 modos
731 1612 940 1655 laudandi
973 1625 1129 1655 versus
1158 1613 1301 1655 adhuc
1330 1615 1554 1655 tractatos
1581 1611 1657 1655 alii
1686 1611 1732 1655 in
1757 1610 1921 1655 nullius

219 1683 301 1725 nisi
352 1682 553 1725 Platonis
608 1687 653 1726 et
697 1684 1008 1727 Demosthenis
1060 1683 1240 1738 scriptis
1292 1683 1594 1738 inveniuntur,
1649 1695 1738 1727 non
1781 1682 1920 1727 solum

219 1755 333 1806 quod
365 1753 495 1796 Plato
540 1767 619 1807 pro
665 1754 830 1798 maiore
874 1755 1085 1798 librorum
1127 1767 1306 1798 numero
1349 1756 1525 1808 saepius
1563 1767 1720 1799 versus
1751 1754 1920 1809 laudat,

219 1825 294 1867 sed
339 1826 471 1867 etiam
515 1827 630 1879 quod
675 1827 766 1868 eius
807 1831 942 1880 atque
986 1826 1296 1870 Demosthenis
1344 1839 1483 1881 genus
1530 1827 1705 1870 dicendi
1749 1826 1921 1881 plenius

218 1900 352 1949 atque
382 1896 618 1950 perfectius
647 1910 775 1951 quam
799 1903 1045 1942 ceterorum
1069 1904 1151 1942 est.
1203 1899 1395 1941 Primum
1419 1911 1575 1942 versus
1602 1910 1698 1941 cum
1719 1909 1920 1942 sermone

218 1966 598 2011 coniunctionibus
631 1969 718 2011 illis
751 1971 811 2013 ὅτι
843 1974 889 2012 et
921 1971 976 2022 ὡς
1010 1975 1111 2024 post
1149 1971 1289 2013 verba
1322 1970 1497 2013 dicendi
1527 1969 1687 2024 positis
1741 1969 1920 2013 coniun-

218 2043 394 2092 guntur,
441 2039 563 2082 velut
605 2039 774 2083 Charm.
823 2041 971 2084 161A:
1031 2039 1198 2099 Ὁμήρῳ
1246 2044 1293 2085 οὐ
1340 2042 1542 2094 πιστεύεις
1584 2043 1726 2092 καλῶς
1771 2040 1920 2098 λέγειν,

218 2109 376 2165 λέγοντι
407 2113 468 2153 ὅτι

407 2193 529 2246 αἰδὼς
561 2193 597 2235 δ’
618 2197 694 2238 οὐκ
725 2198 869 2253 ἀγαθὴ
901 2197 1142 2254 κεχρημένῳ
1175 2197 1287 2254 ἀνδρί
1319 2205 1504 2255 παρεῖναι
1536 2199 1577 2254 (ρ
1598 2196 1721 2251 347),

221 2263 284 2305 De
316 2276 404 2316 rep.
428 2263 472 2306 II
495 2266 581 2308 364
596 2267 642 2318 C,
676 2266 742 2308 III
764 2267 852 2310 390
865 2267 915 2321 Ε,
950 2267 1054 2322 LyS.
1081 2270 1163 2311 215
1180 2267 1226 2322 C,
1260 2268 1384 2311 Prot.
1409 2268 1491 2310 341
1509 2268 1561 2319 E,
1601 2267 1740 2322 Gorg.
1765 2266 1854 2310 484
1871 2266 1917 2310 B.

220 2334 301 2376 Sed
334 2334 415 2377 hoc
443 2336 568 2378 modo
598 2349 752 2379 versus
781 2350 874 2380 cum
898 2351 1098 2382 sermone
1120 2339 1220 2382 laxe
1252 2340 1592 2394 coniunguntur,
1615 2338 1753 2382 multo
1775 2337 1919 2382 artius

219 2404 378 2447 eisdem
411 2406 791 2451 coniunctionibus
824 2414 925 2462 post
958 2410 1047 2452 alia
1070 2411 1209 2453 verba
1231 2415 1366 2465 atque
1391 2411 1530 2454 verba
1552 2410 1724 2454 dicendi
1745 2409 1918 2464 positis,

222 2476 342 2518 velut
374 2477 439 2520 De
471 2490 561 2531 rep.
586 2479 830 2523 111408A:
870 2484 897 2538 ἢ
929 2483 976 2524 οὐ
1009 2483 1223 2539 μέμνησαι,
1256 2484 1316 2526 ὅτι
1347 2485 1417 2526 καὶ
1448 2489 1507 2540 τῷ
1539 2481 1733 2540 Μενέλεῳ
1764 2482 1814 2525 ἐκ
1843 2488 1919 2525 τοῦ

219 2548 445 2604 τραύματος
477 2549 524 2593 οὗ
556 2551 578 2593 ὁ
610 2550 821 2609 Πάνδαρος
852 2554 998 2610 ἔβαλεν

360 2629 441 2687 αἷμ’
474 2632 747 2690 ἐκμζσαήυντ’
778 2637 844 2679 ἐπί
883 2635 919 2680 τ’
951 2639 1053 2693 ἤπια
1085 2636 1268 2695 φάρμακ’
1305 2640 1486 2682 ἔπασσον
1523 2638 1614 2681 κτλ.
1648 2637 1700 2690 (Δ
1729 2636 1814 2680 218
1835 2647 1917 2690 sq„

222 2699 425 2744 Ludwmh
462 2716 501 2755 1».
539 2705 651 2758 135),
686 2711 731 2748 et
763 2706 828 2749 De
867 2720 954 2761 rep.
988 2708 1134 2751 V468
1149 2696 1203 2751 Εζ
1264 2709 1382 2751 Idem
1428 2710 1515 2752 dici
1558 2711 1709 2762 potest
1752 2708 1806 2751 de
1849 2706 1917 2750 De

222 2783 310 2824 rep.
348 2772 411 2815 ΙΙΙ
451 2775 539 2817 390
553 2777 604 2822 A,
648 2789 733 2829 qno
775 2777 869 2820 loco
918 2782 1015 2823 ὅταν
1058 2780 1307 2823 adhibetur.
1378 2779 1697 2824 Demosthenes
1742 2790 1918 2823 versum

222 2841 478 2886 Hesiodeum
511 2845 609 2899 (Op.
660 2852 704 2890 et
737 2848 789 2891 D.
816 2850 916 2902 763)
964 2850 1183 2904 integrum
1233 2856 1486 2895 structurae
1533 2851 1767 2905 enuntiati,
1800 2850 1918 2904 quod

220 2924 246 2952 a
269 2914 570 2959 coniunctione
593 2919 699 2961 ὥστε
722 2919 888 2972 incipit,
913 2923 1213 2965 accommodat
1242 2922 1368 2973 (XIX
1390 2923 1509 2976 243).
1568 2922 1739 2966 Deinde
1760 2932 1918 2965 versus
