2080 3424
1102 285 1155 328 16

273 427 432 471 tribuit
474 434 608 481 atque
658 429 860 471 versibus
906 427 1114 482 laudatis,
1164 429 1239 481 qui
1270 440 1464 472 amorem
1495 429 1671 482 patriae
1701 430 1760 474 ab
1791 434 1975 485 oratore

272 500 420 554 magni
451 499 731 543 aestimatum
765 501 936 551 docent,
971 498 1153 542 remotis
1185 511 1368 552 prorsus
1400 503 1582 543 marcet.
1644 500 1806 555 Itaque
1825 500 1975 546 facere

271 583 356 614 nou
389 582 575 624 possum,
611 571 714 623 quin
746 582 908 625 omnes,
947 582 1057 623 quos
1095 570 1281 624 legimus
1314 582 1470 614 versus
1501 583 1529 614 a
1560 570 1771 626 Lycurgo
1801 573 1847 616 in
1877 585 1975 617 ora-

270 643 389 685 tione
427 642 581 684 habita
618 641 824 684 laudatos
862 653 958 684 esse
995 642 1194 685 iudicem.
1258 642 1410 696 Neque
1454 642 1574 685 aliud
1612 644 1667 686 de
1703 643 1909 688 versibus
1945 657 1974 688 a

272 713 564 756 Demosthene
603 717 649 755 et
679 712 896 755 Aeschine
934 712 1100 756 adlatis
1138 712 1366 756 dicendum
1406 718 1488 757 est.
1551 714 1670 758 Nihil
1705 713 1847 770 igitur
1877 727 1974 760 ora-

271 784 441 827 toribus
478 784 642 826 Atticis
684 783 913 827 obstitisse
945 783 1137 838 videtur,
1178 784 1408 838 quominus
1441 797 1610 840 versus,
1647 786 1870 830 interdum
1900 787 1974 832 vel

271 855 478 908 plurimos
510 855 821 897 declamarent.
885 854 1034 909 Immo,
1069 856 1172 909 quia
1204 857 1431 899 orationes
1463 857 1520 899 ad
1552 857 1780 901 dicendum
1811 857 1974 903 scribe-

273 927 391 979 bant,
437 927 597 969 ceteris
637 926 930 980 scriptoribus
967 927 1123 980 minus,
1163 928 1201 970 si
1239 928 1345 981 quid
1383 931 1454 971 est
1490 929 1575 972 mei
1614 929 1776 984 iudicii,
1815 941 1973 974 versus

271 998 537 1041 verbotenus
568 998 751 1040 laudare
782 1009 869 1040 non
902 996 1111 1041 videntur
1142 999 1277 1042 veriti
1308 1011 1418 1042 esse.

387 1081 468 1124 His
501 1081 700 1124 omnibus
733 1094 755 1124 e
785 1081 917 1124 rebus
950 1081 1033 1124 hoc
1064 1081 1358 1137 colligendum
1391 1094 1489 1126 esse
1521 1083 1827 1138 videtur,illud
1857 1084 1973 1128 artis

271 1158 549 1206 praeceptum
590 1153 800 1195 laudandi
840 1165 1011 1206 versus,
1056 1154 1143 1196 etsi
1183 1153 1332 1207 fuerit,
1374 1166 1463 1198 non
1501 1159 1650 1199 tamen
1681 1155 1739 1199 ab
1771 1155 1973 1200 omnibus

269 1224 559 1278 scriptoribus
601 1225 785 1268 Graecis
838 1225 1124 1268 observatum
1177 1237 1288 1279 esse,
1342 1230 1463 1269 certe
1514 1239 1602 1270 non
1648 1227 1716 1270 ita
1759 1231 1812 1270 ut
1856 1227 1970 1271 idem

270 1300 548 1349 praeceptum
571 1296 710 1339 verba
733 1295 880 1339 soluta
902 1296 1124 1350 laudandi,
1147 1296 1192 1339 id
1215 1298 1333 1351 quod
1357 1301 1514 1351 postea
1535 1299 1815 1342 concedetur.
1877 1299 1971 1343 Lam

269 1368 350 1410 hoc
380 1367 475 1410 loco
499 1369 757 1410 monendum
779 1372 848 1411 est
869 1367 1208 1422 Xenophontem
1229 1369 1356 1412 Mem.
1379 1369 1402 1412 I
1425 1372 1465 1423 2,
1488 1370 1559 1423 56,
1592 1369 1668 1413 ubi
1687 1369 1973 1425 Polycratem

270 1438 422 1481 laudat
464 1440 535 1489 (de
577 1440 765 1492 ratione,
809 1451 922 1493 quae
964 1439 1252 1493 Xenophonti
1298 1452 1393 1483 cum
1431 1440 1673 1495 Polycrate
1717 1442 1971 1496 intercedit,

270 1514 424 1562 postea
467 1510 595 1563 plura
639 1510 781 1553 verba
825 1509 1067 1564 faciemus),
1113 1512 1166 1554 de
1211 1512 1303 1554 eius
1348 1512 1498 1555 verbis
1546 1513 1748 1556 oratione
1791 1513 1974 1568 obliqua

269 1579 447 1633 referre,
481 1582 558 1624 sed
581 1593 738 1624 versus
759 1581 945 1624 Hesiodi
966 1587 1102 1635 atque
1124 1582 1305 1626 Homeri
1327 1583 1384 1627 ab
1407 1595 1458 1626 eo
1480 1583 1687 1628 laudatos
1708 1585 1767 1628 ad
1789 1585 1971 1629 verbum

268 1652 531 1695 exscribere.
594 1653 714 1696 Idem
751 1654 795 1696 in
829 1653 1091 1697 Aristotelis
1129 1653 1243 1698 libro
1283 1655 1337 1698 de
1369 1655 1706 1699 Atheniensium
1742 1656 1973 1710 republica

269 1735 432 1765 summa
475 1736 570 1766 cum
614 1725 846 1779 diligentia
897 1725 1066 1779 scripto
1120 1726 1354 1770 observari
1397 1731 1560 1781 potest,
1610 1739 1696 1781 quo
1742 1731 1972 1772 auctorum

270 1794 534 1847 pedestrium
582 1796 720 1838 verba
753 1797 864 1849 .ipsa
908 1809 1142 1850 numquam
1189 1798 1416 1852 exscribit,
1471 1800 1547 1842 sed
1595 1799 1817 1843 nonnullis
1862 1799 1973 1844 locis

270 1878 422 1908 versus
456 1871 502 1909 et
533 1879 607 1910 eos
639 1868 800 1911 multos
833 1869 891 1910 ad
923 1869 1107 1911 verbum
1139 1870 1295 1913 laudat
1327 1870 1386 1923 (V
1407 1871 1447 1924 2,
1472 1871 1511 1924 3,
1534 1870 1626 1914 XII
1654 1875 1688 1925 1,
1717 1872 1757 1926 2,
1786 1871 1827 1926 3,
1856 1873 1898 1926 4,
1927 1873 1970 1923 5,

268 1936 378 1979 XIX
405 1938 444 1991 3,
473 1938 561 1981 XX
588 1939 646 1991 5).
711 1939 850 1982 Simili
893 1939 1068 1984 ratione
1112 1941 1191 1983 alii
1234 1942 1478 1995 scriptores
1522 1943 1590 1985 usi
1632 1947 1749 1986 sunt.
1817 1942 1972 1998 Neque

269 2008 419 2051 mirum
459 2014 539 2063 est,
581 2011 696 2063 quod
734 2012 778 2053 in
812 2012 1015 2054 versibus
1053 2012 1287 2055 laudandis
1319 2025 1346 2055 a
1379 2014 1693 2056 consuetudine
1726 2014 1837 2058 bene
1868 2016 1972 2058 scri-

270 2080 397 2121 bendi
430 2080 683 2133 saepissime
716 2083 1013 2126 decesserunt.
1066 2082 1177 2126 Nam
1198 2084 1336 2127 multo
1359 2083 1532 2128 facilius
1553 2084 1640 2127 fuit
1662 2097 1818 2129 versus
1840 2098 1971 2140 quam

268 2155 494 2193 auctorum
535 2152 804 2204 pedestrium
847 2155 988 2197 verba
1032 2155 1302 2198 verbotenus
1346 2155 1610 2210 exscribere,
1658 2168 1754 2200 cum
1797 2156 1875 2212 illi,
1921 2163 1970 2200 ut

268 2228 396 2264 erant
428 2235 605 2266 numero
639 2223 793 2278 vincti,
831 2225 984 2268 melius
1022 2226 1089 2268 his
1121 2238 1330 2270 memoria
1368 2228 1511 2270 teneri
1548 2228 1789 2281 potuerint.
1853 2227 1968 2284 Quin

269 2293 401 2335 etiam
433 2293 611 2337 Homeri
651 2300 696 2337 et
728 2296 913 2339 Pindari
951 2310 1107 2340 versus
1146 2298 1298 2342 eadem
1330 2299 1383 2341 de
1416 2310 1551 2342 causa
1582 2300 1763 2344 diversa
1794 2300 1971 2345 ratione

268 2363 473 2407 laudatos
504 2364 762 2410 invenimus.
825 2367 934 2410 Nam
966 2369 1148 2412 Homeri
1180 2382 1348 2423 versus,
1383 2371 1459 2423 qui
1490 2382 1575 2413 non
1609 2370 1748 2414 solum
1770 2372 1970 2415 omnibus

268 2436 362 2476 noti
394 2440 556 2489 essent,
590 2439 664 2479 sed
699 2438 832 2481 etiam
864 2441 1007 2494 magis
1040 2452 1168 2494 quam
1201 2446 1360 2494 poetae
1392 2441 1519 2498 lyrici
1545 2441 1663 2485 illius
1695 2442 1971 2487 celeberrimi

271 2518 422 2548 versus
467 2507 682 2550 hominum
727 2512 959 2554 memoriae
1006 2510 1309 2566 infigerentur,
1356 2525 1436 2566 pro
1477 2516 1656 2557 numero
1687 2513 1968 2558 laudatorum

271 2588 470 2620 versuum
512 2579 686 2632 saepius
728 2582 997 2627 verbotenus
1038 2584 1251 2637 exscripti
1291 2588 1395 2627 sunt
1436 2597 1563 2638 quam
1604 2585 1789 2628 Pindari
1830 2586 1971 2630 verba

270 2647 466 2691 difficilia
497 2650 553 2691 ad
587 2651 941 2705 intellegendum.

387 2718 508 2773 Quae
542 2721 685 2763 omnia
718 2735 811 2765 cum
849 2723 915 2766 ita
937 2725 1041 2778 sint,
1075 2731 1252 2769 veteres
1274 2727 1516 2780 scriptores
1548 2732 1694 2770 utrum
1722 2740 1878 2773 versus
1910 2730 1969 2773 ad

273 2789 449 2832 verbum
482 2791 689 2835 adferant
721 2806 777 2836 an
805 2795 1055 2839 dissolvant
1086 2797 1339 2840 dubitantes
1368 2798 1577 2841 videmus
1639 2798 1737 2843 Hoc
1768 2811 1969 2844 sermone

270 2862 501 2904 secundum
534 2864 647 2906 artis
682 2872 921 2919 praecepta
953 2867 1185 2911 scribendo
1219 2868 1544 2922 postulabatur.
1608 2870 1673 2913 Ne
1703 2870 1814 2915 illud
1845 2872 1970 2916 omit-

271 2936 435 2983 terent,
489 2939 719 2987 utrumque
773 2936 1015 2990 scriptores
1067 2938 1228 2982 Graeci
1280 2951 1331 2982 eo
1385 2941 1782 2997 consequebantur,
1835 2943 1967 2997 quod,
