2080 3424
1106 305 1163 347 40

284 449 416 499 facile
448 448 738 502 intellegitur.
780 446 867 490 Sed
898 458 953 489 ne
987 446 1160 499 priores
1185 446 1357 499 quidem
1378 444 1607 489 Hecataeo
1629 450 1837 489 auctores
1856 444 1995 490 Hero·

285 522 416 564 dotus
470 519 725 563 nominatim
774 518 940 561 laudat.
1018 517 1202 560 Initium
1249 518 1360 560 enim
1409 516 1549 560 libros
1597 517 1800 560 oratione
1845 516 1995 561 soluta

284 592 590 635 conscribendi
620 603 706 633 non
738 590 804 633 ita
835 589 972 632 multo
1007 593 1112 632 ante
1143 588 1419 632 Herodotum
1450 587 1617 632 factum
1648 591 1731 642 est,
1764 591 1815 632 ut
1844 591 1993 633 aucto·

285 676 356 707 res
401 664 570 716 priores
613 662 669 705 ab
711 661 787 715 eis,
834 661 909 715 qui
948 659 1171 703 Herodoti
1215 663 1368 703 aetate
1399 658 1631 714 florebant,
1674 660 1787 704 satis
1825 659 1993 703 diversi

284 737 444 777 essent.
508 734 615 776 Nam
650 733 904 776 Herodotus
936 733 1031 786 ipse
1061 733 1109 775 in
1130 744 1310 775 numero
1333 743 1495 786 eorum,
1530 731 1606 785 qui
1627 730 1767 776 libros
1788 731 1992 776 oratione

283 805 430 849 soluta
474 805 752 848 conscribere
796 808 1049 858 coeperunt,
1093 797 1303 847 refertur.
1371 802 1468 859 Quo
1513 807 1660 847 autem
1704 802 1852 857 plures
1889 807 1992 857 post

282 889 378 919 eum
411 876 652 930 scriptores
684 875 875 929 fuerunt,
911 888 962 919 eo
995 875 1138 930 magis
1170 880 1376 918 auctores
1413 875 1666 929 superiores
1687 887 1716 918 a
1736 873 1993 929 posteriori·

283 948 364 990 bus
412 948 790 1001 discernebantur,
840 959 978 1001 quare
1027 948 1147 1001 apud
1190 948 1464 1001 posteriores
1507 948 1751 1001 scriptores
1793 945 1862 990 illi
1902 945 1992 990 alia

282 1020 455 1062 ratione
478 1031 607 1072 quam
627 1020 674 1062 hi
694 1019 869 1062 laudari
889 1018 1106 1062 solebant.
1172 1019 1269 1062 Hoc
1292 1031 1442 1063 verum
1476 1031 1580 1063 esse
1599 1018 1806 1063 Platonis
1826 1017 1991 1062 Theae-

282 1093 376 1133 teto
416 1095 462 1134 et
499 1091 712 1134 Isocratis
753 1091 924 1134 Helena
960 1091 1114 1135 melius
1155 1091 1265 1134 nihil
1303 1092 1462 1135 docere
1500 1095 1663 1145 potest.
1732 1091 1785 1135 ln
1825 1089 1991 1134 Theae-

282 1165 390 1215 teto,
444 1175 529 1216 quo
579 1164 622 1205 iu
673 1162 851 1217 dialogo
896 1163 950 1205 de
996 1162 1294 1216 compluribus
1348 1163 1617 1217 cognitionis
1659 1163 1990 1209 definitionibus

282 1234 530 1287 disseritur,
578 1234 811 1278 sententiis
857 1234 1077 1278 Heracliti
1123 1238 1168 1277 et
1215 1234 1510 1289 Protagorae,
1563 1236 1640 1289 qui
1689 1236 1987 1293 nominantur,

282 1306 492 1348 tractatis
513 1305 657 1359 Plato,
682 1318 767 1359 quo
790 1306 886 1350 loco
910 1307 967 1349 ad
989 1305 1271 1350 Antisthenis
1294 1306 1594 1350 definitionem
1616 1308 1783 1351 transit
1800 1307 1905 1363 (201
1921 1306 1988 1361 C),

282 1389 332 1420 eo
373 1377 681 1421 Antisthenem
719 1382 869 1421 tacere
907 1377 1075 1431 incipit.
1141 1377 1294 1432 Neque
1331 1378 1465 1421 aliter
1502 1378 1630 1422 initio
1667 1378 1866 1423 Helenae
1902 1382 1989 1423 An-

283 1449 500 1492 tisthenes
538 1461 625 1492 una
662 1461 755 1491 cum
794 1448 995 1503 Platone,
1038 1462 1222 1502 quorum
1259 1453 1417 1493 neuter
1453 1451 1720 1504 nominatur,
1759 1454 1810 1494 ut
1852 1463 1989 1506 supra

282 1521 445 1563 dictum
478 1524 558 1573 est,
594 1521 926 1574 perstringitur.
992 1520 1078 1564 Sed
1119 1522 1172 1564 de
1212 1521 1370 1574 quibus
1411 1522 1570 1565 deinde
1603 1522 1744 1566 verba
1774 1521 1899 1575 facit,
1932 1524 1988 1566 de

281 1592 535 1645 Protagora
567 1590 737 1646 Gorgia
768 1592 944 1635 Zenone
977 1592 1158 1636 Melisso
1192 1593 1288 1636 vita
1319 1592 1553 1647 defunctis,
1592 1606 1681 1648 eos,
1724 1606 1987 1649 quamquam

283 1662 379 1716 pari
411 1664 536 1706 modo
570 1664 865 1717 reprehendit,
901 1664 1128 1707 nominare
1160 1676 1245 1707 non
1280 1665 1470 1708 dubitat.

398 1733 528 1777 Cuius
573 1735 902 1778 consuetudinis
946 1747 1094 1789 causa,
1140 1740 1189 1778 ut
1234 1748 1371 1790 supra
1411 1738 1763 1780 demonstratum
1803 1742 1886 1791 est,
1931 1750 1986 1782 ex

281 1805 519 1849 inimicitiis
543 1808 806 1860 scriptorum
830 1811 898 1850 est
930 1809 1187 1861 repetenda.
1251 1808 1348 1851 Hoc
1370 1808 1690 1862 comprobabit,
1725 1810 1985 1864 quicumque

282 1877 543 1930 scriptorum
578 1879 847 1922 Graecorum
886 1891 1022 1932 opera
1061 1879 1228 1923 forensi
1259 1880 1347 1922 luci
1380 1880 1584 1934 exposita
1612 1893 1710 1925 csse
1741 1881 1886 1925 animo
1917 1894 1986 1926 re-

283 1950 522 2001 putaverit.
585 1950 804 1993 Herodoti
844 1952 957 1994 enim
995 1951 1133 1994 libros
1172 1950 1403 1994 recitando
1441 1953 1687 1996 innotuisse
1726 1953 1984 2007 traditur¹);

282 2032 366 2073 quo
414 2020 576 2063 factum
625 2025 706 2074 est,
756 2026 805 2065 ut
851 2022 1107 2066 Herodotus
1152 2027 1386 2066 vereretur
1429 2025 1548 2077 apud
1591 2027 1734 2067 totum
1777 2025 1982 2079 populum

281 2091 521 2144 scriptores
553 2092 638 2135 sibi
670 2105 834 2146 aequos
867 2098 912 2137 et
955 2106 1085 2147 pares
1125 2094 1271 2148 palam
1308 2095 1558 2138 nominatos
1587 2095 1814 2150 corrigere
1846 2100 1983 2151 atque

282 2163 613 2215 reprehendere.
677 2165 799 2208 Haec
831 2166 948 2209 ratio
982 2178 1069 2209 una
1101 2178 1197 2209 cum
1229 2165 1381 2220 primis
1409 2166 1536 2210 libris
1568 2167 1692 2211 foras
1723 2169 1843 2212 datis
1873 2169 1982 2223 ipsis

282 2238 381 2276 orta
424 2239 578 2287 postea
616 2236 659 2278 in
699 2237 886 2279 omnium
923 2238 1282 2281 consuetudinem
1321 2237 1458 2281 venit.
1523 2238 1664 2282 Unum
1706 2239 1981 2284 Heraclitum

281 2316 332 2346 ea
370 2307 557 2348 nondum
596 2308 661 2349 uti
700 2308 899 2351 vidimus.
963 2309 1024 2352 Ut
1062 2309 1189 2352 homo
1227 2308 1403 2352 Ionicus
1441 2310 1681 2353 acerrimus
1721 2310 1841 2354 illam
1882 2323 1982 2356 con·

281 2377 550 2419 suetudinem
588 2390 674 2421 non
711 2379 922 2433 neglexit.
986 2381 1135 2434 Neque
1166 2381 1279 2423 enim
1317 2380 1572 2424 Herodotus
1611 2381 1701 2424 alia
1737 2394 1761 2425 e
1799 2383 1981 2427 natione

283 2452 405 2489 ortus
438 2452 518 2501 est,
552 2461 691 2502 neque
723 2450 818 2493 fieri
852 2452 1008 2505 potuit,
1043 2455 1093 2494 ut
1123 2464 1216 2495 mos
1248 2452 1526 2507 scriptorum,
1568 2465 1695 2506 quem
1727 2454 1977 2508 statuimus,

284 2530 420 2570 parvo
454 2522 662 2573 temporis
695 2522 842 2574 spatio
883 2523 1001 2566 inter
1032 2523 1252 2566 Heracliti
1283 2527 1329 2566 et
1360 2523 1580 2567 Herodoti
1611 2528 1814 2579 tempora
1845 2525 1979 2570 iuter·

281 2589 410 2632 misso
452 2592 495 2633 in
538 2595 804 2635 contrarium
848 2599 1115 2638 verteretur.
1180 2595 1312 2638 Immo
1354 2595 1610 2639 Heraclitus
1654 2596 1814 2640 librum
1854 2609 1978 2641 suum

285 2661 440 2711 publici
485 2662 592 2705 iuris
636 2676 721 2706 non
766 2664 883 2718 fecit,
924 2667 1013 2719 sed,
1057 2670 1106 2709 ut
1146 2666 1270 2709 Diels
1308 2665 1609 2721 (Herakleitos
1645 2681 1728 2710 von
1765 2666 1976 2723 Ephesos,

284 2743 321 2782 p.
348 2732 446 2786 vll)
478 2746 555 2776 suo
578 2734 672 2778 iure
694 2736 958 2790 arbitratur,
982 2737 1142 2781 nemini
1170 2738 1256 2779 nisi
1286 2738 1439 2780 amicis
1468 2739 1559 2781 suis
1591 2739 1785 2793 scripsit.
1849 2738 1977 2795 Quod

404 2886 432 2927 ¹>
462 2885 557 2922 Plut..
589 2887 640 2924 De
669 2889 804 2925 Herod.
824 2891 1012 2937 malignit.
1032 2895 1088 2928 26.
1114 2913 1159 2918 -
1188 2892 1401 2934 Kirchhoff,
1422 2885 1524 2931 Uber
1549 2893 1612 2930 die
1635 2893 1977 2940 Entstehungszeit

282 2942 348 2976 des
376 2943 668 2983 herodotischen
697 2949 1088 2989 Geschichtswerkes.
1138 2955 1170 2988 2.
1200 2954 1242 2989 Α.
1295 2953 1420 2989 Berlin
1454 2954 1553 2997 1878,
1580 2964 1615 2999 p.
1640 2956 1675 2989 11
1698 2963 1755 2999 sq.
