2080 3424
934 299 984 343 Π

102 441 327 498 m
361 399 460 484 {ieri
499 444 693 494 poterat
731 452 888 485 versus
923 441 1046 495 ipsos
1082 445 1337 484 structurae
1373 440 1608 485 verborum
1651 451 1817 485 accom-

91 513 120 559 J}
335 513 410 555 t.
432 510 557 567 Quae
594 511 833 566 suppleant
868 511 1134 556 sententiam
1175 510 1386 563 Nordeni
1425 512 1503 567 qni
1539 513 1654 555 artis
1693 522 1818 566 prae-

91 584 289 643 ·Qtun
318 581 485 638 optime
505 583 804 638 adumbravit,
837 588 1037 627 veterum
1058 583 1417 628 consuetudinem
1447 583 1601 638 ipsam.
1633 582 1678 627 id
1699 582 1819 637 quod

90 644 207 714 ἐκ
231 653 329 700 ἀπε
357 651 459 708 suit,
490 666 579 698 non
610 653 725 698 satis
757 655 936 699 videtur
966 655 1228 709 respexisse.
1288 653 1441 710 Neque
1471 655 1585 699 enim
1616 652 1697 698 illa
1722 664 1819 699 ver·

198 721 436 791 „laudandi
464 724 537 769 lex
568 730 670 769 erat
699 726 973 770 consuetudo
1005 724 1239 770 scribendi.

107 877 110 878 ⁷
139 878 141 880 η
185 858 195 867 ,,
219 818 427 868 wantum
464 820 607 864 habeo
639 821 694 864 de
725 824 926 864 veterum
958 821 1223 875 scriptorum
1255 818 1538 874 Graecorum,
1571 818 1648 875 qui
1678 818 1819 863 libros

91 896 319 955 mne
362 892 562 946 pedestri
607 892 686 936 sed
735 897 836 936 arte
869 892 1020 935 vincto
1052 892 1424 946 conscripserunt,
1457 891 1633 935 ratione
1659 901 1818 935 versus

94 953 344 1021 filinam.
413 962 507 1007 Iam
559 963 876 1007 transeundum
922 969 992 1006 est
1038 963 1095 1006 ad
1142 962 1268 1006 huius
1321 961 1596 1016 quaestionis
1643 964 1818 1016 partem

96 1023 310 1123 [3sz
339 1037 478 1089 atque
507 1036 776 1090 graviorem.

872 1235 982 1281 Pars
1015 1234 1064 1281 ll.

237 1345 503 1400 Priusquam
551 1356 766 1399 quaerere
811 1343 1085 1397 incipiamus,
1130 1342 1346 1396 quomodo
1382 1341 1623 1396 scriptores
1645 1339 1824 1394 Graeci,

62 1470 68 1477 ,
121 1417 200 1474 qui
227 1423 337 1463 ante
358 1417 647 1462 Aristotelem
677 1415 871 1469 fuerunt,
904 1415 1147 1469 scriptores
1177 1414 1405 1467 pedestres
1427 1422 1663 1466 eorumque
1685 1411 1826 1455 verba

7 1488 58 1540 ῖς
121 1488 347 1544 adferant,
403 1495 452 1533 ut
507 1500 657 1533 eornm
710 1486 1067 1531 consuet-udinem
1122 1483 1451 1539 perspiciamus,
1498 1482 1825 1537 Thucydidis

6 1563 15 1584 '³
55 1584 60 1611 5
122 1561 283 1607 librum
314 1561 409 1606 fere
441 1560 620 1605 silentio
653 1559 952 1614 praetermitti
975 1568 1104 1612 posse
1126 1556 1354 1600 dicendum
1377 1560 1460 1599 est.
1523 1553 1633 1597 Nam
1654 1552 1823 1606 Thucy·

121 1634 265 1689 dides,
296 1634 402 1688 quia
430 1633 488 1676 ad
521 1631 680 1676 bellum
707 1630 1128 1685 Peloponnesiacum
1160 1627 1494 1671 describendum
1527 1625 1707 1679 scriptis
1737 1636 1826 1668 non

24 1696 30 1711 ²
122 1717 231 1751 usus
260 1709 346 1760 est,
376 1716 592 1758 nusquam
623 1703 867 1757 scriptores
898 1700 1067 1753 laudat,
1100 1698 1185 1743 nisi
1216 1698 1334 1752 quod
1356 1697 1377 1740 Ι
1400 1698 1497 1750 21,1
1525 1695 1828 1753 λογογράφους,

125 1788 239 1833 quos
267 1777 365 1830 τοὺς
393 1778 474 1833 πρὸ
503 1777 605 1833 ἐμοῦ
636 1777 820 1826 ἅπαντας
850 1772 995 1816 altero
1027 1771 1124 1814 loco
1160 1768 1373 1824 appellat,
1413 1774 1459 1812 et
1490 1766 1510 1810 1
1541 1767 1652 1820 97‚2
1682 1764 1828 1810 Hella·

124 1849 285 1903 uicum,
328 1859 471 1903 quem,
513 1847 619 1901 quia
661 1857 733 1889 res
770 1843 950 1887 Atticas
993 1843 1247 1896 scripserat,
1293 1851 1423 1883 unum
1459 1839 1640 1891 dignum
1676 1836 1828 1891 habet,

19 1934 39 1975 i,
126 1919 205 1976 qui
234 1918 500 1971 nominetur,
532 1917 576 1962 in
614 1916 821 1961 iudicium
852 1920 1001 1959 vocat.
1064 1912 1223 1966 Itaque
1261 1911 1330 1954 hic
1367 1922 1455 1954 non
1485 1919 1719 1962 moramur,
1751 1907 1830 1951 sed

20 2026 38 2035 2
126 1992 188 2037 ad
217 2003 381 2046 eorum,
420 1989 496 2045 qui
533 1990 776 2044 scriptores
814 1994 894 2031 aut
924 1985 1101 2040 saepius
1140 1989 1220 2027 aut
1251 1983 1429 2027 uberius
1460 1981 1658 2034 laudant,
1690 1979 1832 2024 libros

27 2090 33 2118 ἢ
128 2064 434 2120 quaestionem
477 2060 744 2106 deducimus.
807 2059 930 2115 Quae
974 2064 1022 2101 ut
1053 2069 1082 2100 a
1113 2056 1245 2099 rebus
1276 2053 1481 2098 facilibus
1511 2051 1741 2096 intellectu
1772 2050 1830 2094 ad

16 2148 47 2197 '⁵2
128 2133 403 2181 difficiliores
434 2133 763 2189 progrediatur,
798 2132 936 2185 primo
969 2130 1023 2173 de
1054 2128 1118 2172 eis
1150 2127 1272 2179 locis,
1296 2125 1455 2180 quibus
1477 2124 1575 2178 quis
1596 2121 1833 2167 adferatur

129 2211 335 2263 apparet,
366 2206 669 2251 disserendum
700 2209 784 2247 est.

31 2340 51 2366 4
249 2301 314 2348 Ut
343 2313 480 2357 supra
510 2301 595 2344 hoc
623 2311 796 2355 quoque
829 2298 925 2342 loco
947 2293 1210 2341 Heracliti
1244 2292 1383 2336 verba
1414 2290 1628 2345 quaedam
1660 2286 1832 2332 initium

130 2372 379 2420 dhaet-endi
410 2372 539 2417 nohis
575 2371 758 2415 faciunt.
821 2368 972 2422 Neque
1004 2367 1117 2411 enim
1148 2364 1276 2408 modo
1309 2367 1480 2417 poetae,
1513 2361 1588 2415 qui
1619 2363 1698 2403 aut
1727 2361 1835 2402 ante

132 2457 231 2491 eum
261 2450 341 2489 aut
370 2445 563 2489 maiores
594 2447 702 2487 natu
733 2440 925 2493 fuerunt
930 2440 969 2483 ei
1000 2438 1199 2488 audiunt,
1232 2434 1309 2478 sed
1331 2433 1464 2478 etiam
1486 2430 1591 2487 qnid
1612 2431 1667 2474 de
1689 2440 1835 2473 rernm

37 2523 54 2579 j,
132 2517 356 2573 scriptore
426 2514 610 2565 sentiat
681 2512 756 2567 qui
827 2517 918 2555 tum
990 2507 1153 2560 floruit,
1215 2505 1399 2549 fatetur.
1491 2501 1661 2558 Quibus
1720 2499 1836 2544 enim

47 2592 54 2595 ”
135 2589 289 2634 verbis
320 2587 559 2633 Hesiodum
591 2585 895 2640 Pythagoram
929 2579 1240 2633 Xenophanem
1284 2577 1338 2619 de
1369 2573 1575 2619 doctrina
1606 2570 1838 2626 reprehen-

134 2661 206 2706 dit
253 2659 400 2717 (Diels
445 2659 515 2711 72,
529 2659 608 2710 40·
653 2655 778 2712 Byw.
809 2653 862 2698 fr.
898 2655 979 2705 16),
1027 2650 1189 2695 eisdem
1240 2647 1525 2698 Hecataeum,
1578 2653 1705 2699 quem
1755 2652 1836 2687 suo

51 2741 62 2779 ὲ
135 2743 259 2778 more
300 2731 418 2776 haud
461 2729 596 2774 aliter
637 2727 721 2772 nisi
755 2726 926 2770 nomine
960 2722 1135 2778 prolato
1166 2719 1331 2772 adfert,
1362 2715 1615 2762 cavillatur.
1676 2712 1838 2768 Itaque

137 2815 236 2849 eum
266 2815 355 2849 non
386 2802 596 2847 dubitare
626 2797 855 2854 aequalem
887 2807 1023 2846 suum,
1047 2804 1174 2847 quem
1196 2790 1418 2844 obiurget,
1441 2787 1667 2831 nominare
1688 2787 1836 2840 patet:

1 2887 2 2890 ’
138 2875 257 2920 addo
293 2886 381 2919 non
418 2871 682 2923 inconsulto,
721 2870 825 2923 quia
862 2867 971 2911 haec
1002 2862 1219 2908 Heracliti
1260 2861 1378 2905 ratio
1415 2869 1501 2903 non
1533 2867 1687 2901 carere
1718 2854 1839 2899 vide-

32 2938 54 2994 f}
138 2950 216 2992 tur
250 2945 373 2990 iusta
409 2955 559 2996 causa,
599 2953 728 2996 quam
770 2950 934 2990 eorum,
968 2937 1041 2990 qui
1075 2941 1175 2989 post
1208 2930 1480 2977 Heraclitum
1511 2927 1703 2981 suerunt,
1734 2925 1839 2971 scri·

283 3040 358 3068 oba.
376 3038 536 3073 supp-1.
1699 3009 1722 3046 2
