2080 3424
1107 337 1166 379 54

276 480 424 531 Πῶλος
455 481 802 537 παρεσκευάσθαι
833 479 889 530 εἰς
921 479 1088 536 λόγους·
1121 479 1231 522 ἀλλὰ
1261 481 1341 535 γὰρ
1373 479 1632 535 δ’ὑπὲσχετο
1652 471 1917 536 Χαιρεέρῶντι
1936 480 1986 522 οὐ

276 560 382 596 ποιεῖ
411 553 501 595 κτλ.
566 550 677 594 Aliis
710 551 831 603 locis,
867 550 991 592 velut
1033 549 1171 604 Gorg.
1205 550 1460 609 449Asqq.
1492 554 1537 592 et
1557 549 1683 592 Prot.
1714 549 1801 593 328
1823 549 1865 592 D
1886 561 1984 604 sqq.

278 624 478 666 oratione
508 635 534 665 a
555 623 812 676 Protagora
836 622 990 664 habita
1013 634 1212 665 sermone
1235 621 1435 675 longiore
1459 633 1567 674 opus
1600 625 1683 675 est,
1707 625 1754 664 ut
1778 623 1985 664 auctores

276 694 445 738 laudati
478 694 759 737 refellantur.

395 767 491 809 Hac
509 778 683 819 quoque
702 765 906 808 Platonis
924 765 1100 808 ratione
1118 765 1330 808 laudandi
1347 769 1554 808 auctores
1571 765 1754 819 cognita
1769 763 1986 818 reliquum

277 844 357 891 est,
400 842 450 880 ut
491 841 536 880 et
578 837 690 879 hanc
733 842 778 879 et
819 849 927 890 eam,
973 849 1102 889 quam
1140 840 1276 880 antea
1314 836 1605 890 exposuimus,
1645 848 1740 879 cum
1777 835 1986 879 artificio-

277 910 475 952 sissimae
508 911 610 961 sint,
645 909 690 950 in
723 908 915 962 dialogis
946 919 1034 950 non
1067 907 1300 951 observari
1332 911 1575 961 statuatur,
1608 907 1695 964 nisi
1724 907 1769 951 in
1800 906 1878 961 eis,
1911 907 1986 961 qui

276 986 375 1024 arte
407 992 572 1023 summa
604 979 794 1022 confecti
828 984 943 1022 sunt.
998 979 1095 1022 Hac
1126 979 1266 1034 igitur
1296 992 1346 1023 re
1367 980 1633 1033 scriptorum
1653 978 1986 1022 Platonicorum

276 1053 472 1096 rationes
534 1056 740 1094 auctores
803 1051 1013 1094 laudandi
1074 1052 1192 1094 inter
1244 1063 1291 1094 se
1344 1050 1565 1094 differunt.
1644 1050 1850 1094 Ceterum
1903 1050 1985 1093 dis-

277 1125 458 1166 crimina
490 1123 700 1166 laudandi
734 1123 809 1165 vix
843 1123 984 1165 statui
1015 1126 1214 1176 possunt,
1248 1123 1334 1165 nisi
1366 1123 1483 1176 quod
1513 1123 1556 1165 111
1581 1122 1772 1176 dialogis
1793 1133 1985 1165 summae

276 1195 387 1238 artis
427 1195 567 1248 plenis
607 1194 782 1248 saepius
822 1207 951 1247 quam
983 1195 1027 1237 in
1062 1195 1223 1237 ceteris
1256 1206 1412 1237 versus
1444 1193 1583 1237 libere
1615 1206 1668 1237 ac
1694 1194 1882 1237 licenter
1915 1205 1986 1237 ex·

276 1267 543 1310 scribuntur.

394 1339 574 1382 Platoni
605 1339 911 1392 adiungendus
944 1342 1012 1381 est
1043 1338 1350 1392 Xenophon,
1384 1339 1506 1381 cuius
1538 1337 1582 1380 in
1621 1335 1985 1380 Memorabilibus

277 1415 322 1454 et
354 1411 583 1462 Convivio,
620 1410 779 1463 quippe
814 1409 972 1463 quibus
1005 1421 1228 1452 sermones
1261 1408 1479 1452 Socratici
1510 1412 1763 1460 narrentur,
1802 1408 1985 1451 eandem

276 1487 481 1526 auctores
514 1482 724 1524 laudandi
745 1482 977 1534 rationem,
1002 1493 1090 1534 qua
1110 1481 1241 1524 Plato
1276 1482 1431 1535 utitur,
1456 1492 1688 1524 occurrere
1718 1478 1877 1523 merito
1908 1479 1985 1522 ali-

278 1555 374 1607 quis
419 1553 714 1607 exspectabit.
778 1553 929 1606 Neque
975 1553 1152 1595 dubium
1195 1557 1276 1607 est,
1322 1552 1426 1606 quin
1469 1552 1717 1606 Xenophon
1763 1550 1986 1595 nonnullis

276 1625 384 1668 locis
417 1625 547 1668 simili
585 1626 760 1668 ratione
800 1637 903 1667 usus
943 1637 1039 1667 esse
1084 1626 1301 1678 videatur,
1339 1630 1388 1667 ut
1427 1623 1563 1667 Conv.
1597 1623 1705 1678 4‚34
1722 1635 1820 1677 sqq.
1862 1622 1988 1666 Anti·

277 1698 474 1740 sthenem
517 1699 569 1740 de
610 1697 780 1739 divitiis
821 1701 866 1739 et
898 1697 1224 1750 pulchritudine
1263 1697 1548 1750 contemptim
1579 1695 1830 1749 loquentem
1861 1692 1986 1737 facit.

278 1770 337 1812 At
369 1775 526 1812 contra
564 1770 694 1812 velim
728 1769 943 1823 respicias
983 1781 1078 1812 eum
1115 1768 1269 1822 locum,
1314 1781 1399 1822 quo
1433 1767 1642 1812 Socrates
1682 1766 1810 1821 plura
1845 1765 1987 1810 verba

278 1840 444 1884 faciens
468 1840 692 1884 sententia
716 1842 903 1894 quadam
928 1840 1242 1884 Antisthenica
1262 1840 1405 1883 utitur
1434 1839 1587 1892 (Conv.
1612 1840 1651 1892 2,
1662 1839 1736 1882 25:
1770 1837 1987 1881 Winckel·

277 1924 406 1954 mann
426 1912 645 1967 p.48,2l>.
668 1912 1123 1955 PraetereaPlatonis
1142 1912 1506 1965 etXenophontis
1523 1911 1721 1954 rationes
1737 1921 1985 1954 sermonum

278 1985 673 2037 componendorum
716 1985 781 2027 ita
823 1985 941 2027 inter
984 1996 1031 2027 se
1070 1983 1292 2037 differunt,
1333 1987 1383 2026 ut
1425 1982 1672 2036 Xenophon
1704 1981 1908 2025 Platonis
1938 1979 1983 2024 in

277 2055 528 2098 adferendis
568 2055 827 2098 auctoribus
860 2067 1023 2098 morem
1056 2054 1181 2108 sequi
1214 2054 1300 2097 dici
1331 2067 1418 2098 11011
1461 2055 1616 2108 possit.
1679 2054 1832 2107 Neque
1870 2053 1984 2096 enim

277 2127 583 2181 Xenophontis
618 2139 832 2180 personae
866 2139 968 2170 suas
1003 2139 1203 2181 quaeque
1235 2131 1388 2180 partes
1418 2125 1654 2169 sustinent.
1706 2125 1984 2179 Argumento

278 2203 345 2241 est
379 2210 533 2251 sermo,
570 2211 694 2251 quem
727 2198 937 2242 Socrates
966 2198 1103 2242 Conv.
1139 2198 1166 2240 3
1202 2210 1296 2241 cum
1335 2197 1603 2240 Antisthene
1646 2195 1833 2240 confert.
1898 2194 1984 2251 Qui

278 2270 385 2312 dicit
428 2271 452 2323 ξ
494 2270 537 2311 6;
592 2268 751 2313 Ἐκεῖνο
795 2268 841 2323 δ’,
885 2273 964 2327 ἔφη
1006 2271 1028 2313 ὁ
1070 2268 1352 2326 Ἀντισθένης,
1403 2269 1564 2326 λὲληθὲ
1617 2281 1665 2312 σε
1716 2269 1777 2312 ὅτι
1824 2270 1896 2311 καὶ
1946 2268 1986 2311 οἱ

278 2342 459 2397 ῥαψῳδοὶ
491 2342 640 2392 πάντες
680 2342 915 2385 ἐπίστανται
947 2349 1077 2385 ταῦτα
1112 2344 1165 2385 τὰ
1195 2343 1296 2397 ἔπη;
1334 2341 1440 2383 Tum
1480 2340 1736 2383 Niceratus:
1775 2339 1860 2383 Καὶ
1895 2346 1983 2391 πῶς

279 2415 341 2466 ἄν,
374 2414 467 2469 ἔφη,
515 2411 691 2469 λελήθοι
737 2413 1000 2470 ἀκροώμενον
1046 2428 1095 2469 γε
1142 2414 1276 2455 αὐτῶν
1320 2412 1461 2467 ὀλίγου
1505 2409 1568 2454 ἀν’
1597 2411 1778 2468 ἑκάστην
1807 2411 1985 2468 ἡμέραν;

278 2483 567 2526 Antisthenes
615 2485 655 2526 ei
702 2485 960 2537 respondet:
1009 2484 1152 2528 Οἶσθά
1195 2499 1234 2527 τι
1271 2481 1342 2526 οὖν
1389 2484 1524 2536 ἔθνος,
1572 2484 1665 2539 ἔφη,
1711 2482 1984 2540 ἠλιθιώτερον

279 2556 501 2611 ραψῳδῶν;
540 2556 656 2608 quod
697 2555 933 2598 Niceratus
972 2560 1131 2610 negat:
1171 2554 1233 2599 Οὐ
1272 2557 1329 2611 μὰ
1365 2557 1435 2598 τὸν
1467 2552 1540 2607 Δί’,
1573 2556 1652 2610 ἔφη
1684 2555 1706 2597 ὁ
1737 2553 1983 2612 Νικήρατος,

279 2627 427 2669 οὔκουν
479 2628 617 2683 ἔμοιγε
670 2628 795 2670 δοκῶ.
859 2628 927 2669 Ad
970 2627 1052 2669 hoc
1092 2625 1314 2678 Socrates,
1356 2630 1406 2668 ut
1443 2625 1654 2668 Nicerato
1702 2624 1983 2668 Antisthenis

281 2697 417 2738 verba
451 2697 654 2750 planiora
692 2697 846 2750 faciat,
886 2699 1015 2740 addit
1053 2698 1154 2741 hoc:
1188 2698 1324 2754 Δῆλον
1354 2697 1448 2754 γάρ,
1479 2699 1558 2754 ἔφη
1591 2698 1613 2740 ὁ
1644 2697 1884 2755 Σωκράτης,
1921 2697 1984 2740 ὅτι

279 2771 350 2818 τὰς
382 2769 571 2820 ὑπονοίας
610 2771 686 2812 οὐκ
726 2770 975 2813 ἐπίστανται.
1039 2769 1155 2824 Quin
1191 2768 1483 2812 Antisthenes
1521 2768 1604 2811 hoc
1641 2768 1739 2812 loco
1776 2779 1864 2811 non
1892 2766 1984 2810 alia

282 2838 491 2892 proferat,
538 2841 621 2882 nisi
666 2852 778 2893 quae
819 2841 913 2893 ipse
951 2841 1058 2884 alibi
1091 2841 1284 2894 scripsit,
1316 2852 1402 2883 non
1447 2840 1623 2883 videtur
1655 2851 1753 2883 esse
1790 2838 1981 2882 dubium.

282 2909 387 2951 Nam
429 2910 553 2953 Mem.
578 2911 639 2953 IV
673 2912 780 2964 210
818 2911 1065 2965 Xenophon
1104 2912 1436 2966 Euthydemum,
1471 2923 1597 2964 quem
1636 2911 1856 2955 interdum
1887 2919 1983 2954 cum

284 2981 548 3024 Antisthene
580 2994 783 3036 magnam
808 2983 1135 3026 similitudinem
1158 2982 1326 3026 referre
1348 2982 1570 3026 Dummler
1592 2981 1808 3035 (Antisth.
1832 2994 1873 3036 p.
1905 2981 1986 3036 35>

2072 2683 2080 2771 ...-ψ.
2075 2653 2080 2665 1.
2075 2504 2080 2634 ...-ε...«,,-,
2078 2463 2080 2488 -.
2076 2422 2080 2430 n
