2080 3424
940 299 997 341 25

236 437 336 484 dt
379 438 560 492 dictum,
606 440 725 493 quod
755 439 1026 485 Aristoteles
1069 444 1185 495 part.
1228 440 1360 484 anim.
1392 438 1456 484 lv
1489 441 1544 487 10
1575 452 1615 495 p.
1648 441 1770 485 687⁸
1790 442 1815 486 Ἰ

454 510 1818 571 μὲνοῦνφησὶδιὰτὸχιῐραςῐχανφρονιμύτσωνιένατθν

269 581 517 648 mmm)
547 581 677 625 uobis
707 582 863 635 tradit,
897 583 979 626 hoc
1009 583 1139 626 modo
1168 584 1211 636 4,
1239 584 1286 626 ll
1315 587 1645 627 commemorat:
1676 584 1818 628 m
1885 576 1887 578 ’

204 703 223 731 3
316 653 1818 712 mancipmtotcwbbaqlbmoevmitbmptstoboepbmmplxmmv,

291 750 297 756 ·
320 724 1819 783 -fitxoelxetpoegnpoeweooevstitdnhoeustkmpmlnpothdm

283 794 587 855 δξαργᾶξονται.
638 794 724 839 Sed
757 799 808 839 ut
838 795 921 839 hoc
953 795 1050 839 loco
1087 796 1154 839 ita
1183 796 1285 839 aliis
1315 796 1566 840 sententiae
1590 794 1819 840 aSocrate

199 872 226 925 .ss
244 874 273 912 ἱ
312 887 317 903 ι
370 867 671 922 Anaxagorae
722 867 983 921 sententias»,
1030 879 1144 921 quae
1188 868 1311 922 ipsae
1356 879 1444 911 nou
1494 866 1819 919 exscribuntur,

251 984 258 987 Α.
430 937 642 993 Sequitur
668 938 794 991 idem,
827 939 942 993 quod
975 950 1000 982 e
1032 938 1180 982 verbis
1202 937 1319 982 illius
1341 937 1590 993 philosophi
1618 949 1647 981 a
1676 936 1821 982 Xeno-

316 1008 398 1054 ino
428 1009 527 1054 loco
548 1010 744 1053 laudatis
771 1009 901 1053 nobis
932 1009 1222 1064 colligendum
1244 1014 1358 1054 erat.
1418 1010 1675 1053 Ceterorum
1706 1007 1820 1053 enim

113 1078 388 1145 mum
430 1081 519 1126 loci
562 1081 733 1125 laudati
776 1094 830 1125 ex
873 1085 1101 1125 auctorum
1145 1082 1337 1135 ipsorum
1375 1080 1515 1132 libris,
1557 1079 1643 1124 uisi
1674 1079 1820 1131 fallor,

116 1148 274 1201 mi
306 1156 428 1206 sunt,
465 1152 715 1207 Xenophon
755 1152 1109 1207 philosophorum
1148 1157 1388 1206 praecepta
1423 1152 1509 1195 nisi
1544 1163 1599 1195 ex
1635 1150 1820 1195 aliorum

104 1222 313 1283 mm
354 1225 622 1280 cognovisse
671 1236 758 1268 nou
806 1225 996 1268 videtur.
1064 1222 1163 1279 Qua
1209 1235 1257 1267 re
1300 1222 1635 1277 Xenophontem
1678 1220 1822 1276 philo-

94 1291 99 1319 ’ἶ
117 1290 344 1353 sufflandi
371 1295 604 1341 scientiam
637 1295 789 1350 primis
820 1294 958 1339 labris
990 1295 1243 1349 gustavisse
1273 1294 1489 1337 certiores
1517 1292 1644 1336 fimus
1670 1297 1718 1337 et
1746 1293 1821 1347 qui

100 1363 292 1415 Mun
320 1367 399 1422 sit,
429 1371 482 1411 ut
511 1371 720 1411 auctores
753 1378 838 1410 uon
872 1371 960 1410 tam
994 1366 1198 1410 laudaret
1223 1377 1354 1419 quam
1374 1363 1662 1419 significaret.
1724 1362 1822 1407 Hac

119 1438 416 1495 -reabolnta,
447 1451 537 1494 qua
558 1438 662 1494 quid
685 1439 759 1490 sit,
792 1439 908 1493 quod
931 1438 1048 1492 apud
1068 1436 1405 1491 Xenophontem
1431 1447 1518 1480 nou
1541 1440 1631 1479 tam
1662 1434 1824 1479 multos

32 1514 77 1559 ”ἰ,·
120 1511 372 1568 seriptum
406 1511 618 1555 laudatos
655 1509 931 1554 inveniamus
969 1521 1098 1563 quam
1136 1507 1366 1552 adserendi
1402 1506 1595 1551 facultas
1636 1505 1676 1550 ei
1714 1506 1823 1550 data

31 1578 70 1638 '⁴³3'
120 1584 203 1638 sit,
235 1582 531 1643 intellegitur,
569 1582 627 1626 ad
665 1586 913 1626 ceterorum
951 1581 1213 1634 scriptorum
1251 1578 1670 1632 Xenophonteorum
1702 1577 1824 1620 locos

122 1654 335 1702 nudatos
370 1654 624 1699 transimus

30 1722 62 1781 ῗῗῖ
245 1726 298 1772 In
333 1726 518 1781 seriptis
553 1725 780 1769 historicis
819 1736 929 1767 uuus
966 1727 1123 1766 auctor
1160 1721 1378 1775 pedestris
1416 1719 1588 1764 nomine
1618 1720 1825 1773 apposito

125 1797 345 1854 simulque
381 1797 528 1842 celato
559 1795 778 1840 adfertur.
840 1794 943 1838 Cum
983 1794 1095 1837 enim
1126 1792 1240 1836 Hell.
1264 1791 1331 1835 111
1357 1793 1429 1844 1,2
1460 1790 1826 1845 Themistogenes

126 1869 437 1927 Syracusanus
463 1869 654 1921 dicatur,
686 1867 800 1911 alius
828 1873 985 1910 auctor
1006 1865 1179 1908 laudari
1202 1863 1391 1907 videtur.
1453 1862 1537 1906 Sed
1569 1873 1664 1904 cum
1697 1860 1827 1915 pluri-

126 1942 213 1987 mis
240 1940 355 1987 viris
382 1940 542 1994 doctis,
574 1939 650 1995 qui
671 1938 1008 1993 Xenophontem
1030 1937 1099 1980 hic
1130 1936 1302 1979 nomine
1323 1933 1676 1988 Themistogenis
1696 1933 1825 1987 Syra-

127 2012 285 2059 cusani
326 2011 651 2068 expeditionem
695 2010 801 2066 Cyri
848 2009 906 2053 ab
951 2010 1047 2063 ipso
1093 2006 1386 2060 conscriptam
1432 2004 1610 2048 adferre
1654 2006 1825 2057 putant,

51 2094 63 2119 ³³
127 2083 415 2141 consentio&
477 2083 725 2138 Xenophon
766 2081 906 2136 igitur
941 2085 1124 2123 auctore
1162 2076 1386 2121 nominato
1427 2074 1559 2119 titulo
1599 2074 1703 2118 libri
1740 2085 1827 2117 non

36 2155 72 2196 ὦ*
129 2161 471 2203 commemorato
515 2154 717 2199 breviter
759 2164 966 2197 summam
1007 2150 1109 2194 libri
1152 2147 1471 2203 complectitur,
1515 2158 1569 2191 ue
1606 2157 1673 2196 ea,
1714 2157 1828 2200 quae

129 2227 212 2274 illo
244 2227 364 2273 libro
401 2227 549 2272 relata
586 2227 691 2275 sint,
732 2227 890 2269 iterum
923 2228 1091 2267 narret.
1153 2220 1236 2263 Hic
1267 2219 1388 2263 locus
1419 2218 1463 2262 in
1496 2222 1693 2262 veterum
1725 2215 1828 2259 scri·

39 2288 66 2341 f}
131 2304 310 2357 ptorum
345 2299 616 2345 Graecorum
654 2296 781 2341 libris
818 2297 970 2339 unicus
1008 2298 1090 2337 est.
1153 2291 1303 2345 Neque
1333 2289 1475 2333 miuus
1504 2289 1657 2332 mirum
1689 2286 1828 2331 locum

131 2371 264 2417 initio
302 2370 423 2425 libri,
467 2371 543 2425 qui
582 2371 676 2427 πιρὶ
707 2368 875 2424 ἱππικῆς
906 2364 1175 2415 inscribitur,
1208 2362 1406 2416 legimus.
1468 2358 1536 2403 Ibi
1568 2357 1829 2412 Xenophon.

45 2435 49 2451 ²
130 2454 231 2488 eum
267 2441 506 2494 Simonem,
545 2441 621 2496 qui
658 2441 753 2495 ipse
793 2449 966 2493 quoque
1004 2437 1058 2479 de
1097 2434 1228 2477 rebus
1268 2430 1549 2486 equestribus
1585 2428 1830 2483 scripserit,

45 2507 70 2558 bs
132 2514 303 2569 laudat,
364 2526 427 2567 se,
490 2512 649 2568 quibus
712 2511 842 2555 rebus
904 2520 998 2551 cum
1060 2518 1111 2549 eo
1172 2503 1437 2553 consentiat,
1494 2513 1569 2546 eas
1620 2501 1663 2543 iu
1716 2498 1831 2543 libro

133 2597 216 2631 suo
260 2586 580 2631 conscribendo
627 2594 712 2627 uon
762 2582 1032 2630 omissurum,
1077 2578 1204 2620 immo
1250 2586 1302 2619 ea
1348 2584 1535 2627 quoque.
1586 2582 1699 2625 quae
1729 2569 1831 2614 omi·

46 2666 47 2671 ’
133 2657 260 2713 serit,
304 2658 606 2713 expositurum
651 2667 748 2698 esse
789 2652 909 2696 dicit.
971 2651 1068 2705 Quo
1114 2647 1241 2691 modo
1279 2644 1483 2689 similiter
1512 2648 1647 2697 atque
1678 2640 1831 2685 horum

49 2782 66 2823 ’ἑξ
258 2777 293 2823 l)
319 2774 420 2814 Plut.
446 2775 549 2813 (ilor.
569 2772 707 2811 Athen.
728 2771 827 2809 1841»
849 2769 885 2807 1·:.
927 2787 967 2794 -
1006 2766 1131 2803 Tzetz.
1169 2763 1295 2801 Senot.
1333 2761 1393 2799 ad.
1422 2760 1516 2798 nnn.
1546 2758 1652 2797 Paris
1682 2768 1714 2796 e.
1740 2758 1833 2795 wis»

51 2822 80 2882 ⁷}ss
136 2845 198 2885 ep.
220 2837 286 2882 2¹3
310 2835 477 2875 emund.
506 2833 569 2871 vn
597 2833 678 2869 939.
712 2852 752 2858 -
783 2828 940 2874 liriiger,
976 2826 1028 2863 De
1054 2824 1226 2870 Xenoph.
1254 2824 1344 2865 vita,
1377 2831 1412 2868 p.
1443 2823 1496 2861 Ν,
1520 2818 1570 2855 de
1593 2816 1768 2856 authent.
1795 2820 1833 2852 et

136 2895 415 2942 integr.Anab.
442 2906 477 2942 p.
506 2896 557 2931 19.
574 2914 615 2921 —
633 2890 775 2932 Ranke,
806 2889 858 2926 ne.
877 2885 1046 2932 xenoph.
1075 2885 1156 2920 vita
1180 2886 1219 2919 et
1245 2881 1412 2927 scriptis,
1440 2890 1474 2926 p.
1501 2879 1534 2915 5.
1562 2896 1602 2905 -—
1632 2876 1833 2924 leuette.

138 2954 199 2994 De
218 2954 393 3002 Xenoph.
421 2955 513 2994 vita.
540 2964 575 3000 p.
602 2954 658 2988 64.
