2080 3424
1094 349 1151 391 36

260 493 540 547 perstringit:
588 493 647 543 τίς
690 494 768 548 γὰρ
806 492 882 534 οὐκ
914 492 963 534 ἂν
995 489 1200 546 μισήσειεν
1231 493 1316 546 ἅμα
1346 491 1416 532 καὶ
1447 487 1774 546 καταφρονήσειε
1803 495 1973 547 πρῶτον,

260 567 331 621 μὲν
367 571 448 607 τῶν
485 566 576 621 περὶ
612 566 685 612 τὰς
728 563 860 619 ἔριδας
903 561 1204 618 διατριβόντων,
1237 563 1275 605 οἳ
1310 567 1629 618 προσποιοῦνται
1660 561 1733 617 μὲν
1762 563 1838 618 τὴν
1867 560 1967 618 ἀλή-

259 638 377 679 θειαν
409 636 556 691 ζητεῖν,
589 635 715 685 εὐθὺς
746 631 788 676 δ’
828 634 871 676 ἐν
908 634 1018 690 ἀρχῇ
1053 639 1135 676 τῶν
1172 631 1499 689 ἐπαγγελμάτων
1537 633 1668 688 ψευδῆ
1710 631 1845 689 λέγειν
1882 632 1967 676 ἐπι·

258 714 479 764 χειροῦσιν;
533 706 769 757 Isocrates,
819 716 946 758 quem
998 703 1202 748 similiter
1254 709 1390 757 atque
1434 702 1668 746 Platonem
1713 705 1967 747 monstrare

258 777 567 820 Antisthenem
590 777 766 819 rixandi
799 775 1124 829 cupidissimum
1157 787 1253 819 esse
1280 781 1331 818 ut
1363 774 1578 829 omittam,
1610 774 1786 829 cogitat
1805 775 1860 818 de
1891 785 1965 818 no·

260 849 468 892 bilissimo
501 848 594 891 eius
617 847 744 896 libro,
769 858 896 900 quem
917 846 1149 890 Platonem
1182 846 1387 890 similiter
1407 846 1592 888 laudare
1624 857 1760 900 supra
1786 857 1967 889 comme-

258 921 536 973 moravimus,
585 932 680 962 cum
733 918 843 961 dicit
886 921 925 962 οἵ
970 925 1286 976 προσποιοῦνται
1336 921 1409 976 μὲν
1451 918 1526 973 τὴν
1565 917 1772 975 ἀλήθειαν
1813 918 1965 975 ζητεῖν,

258 998 391 1045 atque
432 992 559 1042 εὐθὺς
598 989 638 1034 δ’
676 992 719 1034 ἐν
750 992 859 1048 ἀρχῇ
890 997 973 1034 τῶν
1004 990 1330 1047 ἐπαγγελμοὶτων
1362 991 1493 1047 ψευδῆ
1526 990 1661 1046 λέγειν
1691 987 1967 1047 ἐπιχειροῦσιν

257 1064 362 1106 illud
395 1065 472 1106 οὐκ
502 1065 587 1106 ἔστι
620 1063 864 1118 ψεύδεσθαι,
897 1062 1013 1115 quod
1046 1061 1353 1104 Antisthenem
1391 1061 1675 1104 contendisse
1707 1072 1762 1104 ex
1791 1060 1964 1103 Aristo·

258 1134 358 1177 telis
391 1134 586 1187 Metaph.
611 1134 674 1176 IV
696 1134 752 1176 29
775 1147 815 1187 p.
848 1133 1003 1176 1024b
1031 1134 1089 1176 32
1133 1132 1503 1188 (Winckelmann,
1548 1131 1745 1176 Antisth.
1780 1131 1965 1187 Fragm.

258 1220 296 1259 p.
330 1205 406 1260 36)
455 1206 626 1253 scimus,
675 1204 848 1247 alludit.
912 1205 1056 1248 Porro
1104 1205 1240 1248 etiam
1286 1204 1512 1248 Isocrates
1565 1203 1848 1247 Antisthenis
1899 1215 1963 1247 se-

257 1282 476 1321 nectutem
515 1276 559 1319 in
598 1276 844 1330 ludibrium,
885 1289 971 1330 quo
1010 1288 1064 1319 ne
1100 1276 1333 1319 Platonem
1373 1276 1546 1329 quidem
1582 1275 1799 1319 intactum
1834 1274 1966 1319 relin-

258 1349 365 1403 quit,
398 1348 538 1392 vertit
574 1348 702 1391 initio
743 1348 942 1391 Helenae
981 1349 1044 1403 (X
1070 1345 1180 1404 1)¹):
1219 1351 1289 1392 καὶ
1320 1348 1711 1405 καταγεγηράκασιν
1740 1348 1779 1391 οἱ
1810 1349 1883 1404 μὲν
1914 1349 1966 1390 οὐ

257 1423 484 1478 φάσκοντες
525 1420 608 1464 οἶόν
648 1418 690 1463 τ’
729 1420 828 1464 εἶναι
873 1421 1002 1477 ψευδῆ
1046 1421 1181 1476 λέγειν
1219 1417 1310 1463 οὐδ’
1352 1420 1576 1476 ἀντιλέγειν
1606 1420 1702 1463 οὐδὲ
1732 1419 1818 1463 δύω
1848 1418 1964 1476 λόγω

256 1494 346 1550 περὶ
377 1501 459 1536 τῶν
491 1495 625 1536 αὐτῶν
657 1494 909 1549 πραγμάτων
941 1494 1157 1547 ἀντειπεῖν,
1190 1494 1227 1535 οἱ
1255 1493 1300 1535 δὲ
1334 1491 1378 1544 (i.
1402 1503 1439 1534 e.
1462 1490 1617 1546 Plato)
1647 1491 1873 1544 διεξιόντες,
1905 1490 1964 1542 ὡς

256 1566 398 1622 ἀνδρία
426 1567 495 1607 καί
524 1565 648 1620 σοφία
674 1567 744 1607 καὶ
774 1564 1010 1620 δικαιοσύνη
1038 1565 1187 1607 ταύτόν
1214 1565 1300 1607 ἐστι
1327 1565 1398 1606 καὶ
1427 1564 1547 1619 φύσει
1575 1565 1648 1620 μὲν
1678 1563 1796 1606 οὐδὲν
1825 1563 1965 1605 αὐτῶν

257 1638 416 1693 ἔχομεν,
451 1636 520 1693 μία
552 1635 591 1680 δ’
624 1636 826 1693 ἐπιστήμη
858 1633 968 1679 καθ’
999 1637 1192 1679 ἁπάντων
1223 1636 1347 1689 ἐστίν,
1380 1635 1456 1678 ubi
1482 1634 1707 1677 Isocrates
1738 1633 1848 1676 illud
1874 1634 1963 1676 An-

256 1707 473 1761 tisthenis‚
509 1709 594 1751 etsi
627 1708 821 1751 orationi
853 1719 959 1750 suae
993 1712 1092 1750 arte
1125 1707 1337 1760 contexit,
1371 1711 1520 1750 tamen
1553 1705 1704 1749 verbis
1734 1705 1828 1749 eius
1854 1716 1963 1748 usus

257 1780 505 1822 exscribere
546 1779 735 1822 videtur.
798 1779 928 1832 Apud
960 1779 1203 1822 Isocratem
1241 1778 1382 1832 igitur
1419 1778 1532 1822 idem
1568 1783 1706 1830 atque
1736 1776 1782 1820 in
1812 1775 1963 1820 Plato·

256 1851 323 1892 nis
355 1852 532 1904 scriptis
566 1851 866 1894 observamus.
931 1850 1165 1894 Sententia
1197 1851 1310 1893 enim
1341 1850 1398 1892 ab
1426 1849 1627 1892 Isocrate
1659 1848 1730 1892 hic
1760 1847 1963 1902 laudata,

258 1934 368 1975 quae
405 1923 461 1964 ad
501 1923 639 1965 verba
678 1923 874 1965 auctoris
911 1923 1049 1976 ipsius
1089 1934 1225 1976 prope
1264 1922 1452 1975 accedit,
1492 1920 1694 1964 breviter
1731 1920 1854 1963 dicta
1890 1923 1964 1963 est

257 2000 302 2036 et
334 1995 449 2046 apud
491 2006 638 2037 omnes
679 1998 942 2048 pervagata.
1006 1994 1089 2037 Sed
1124 1995 1241 2048 apud
1273 1994 1516 2037 Isocratem
1546 1992 1687 2035 verba
1718 1991 1801 2035 hoc
1830 1991 1962 2035 modo

258 2065 437 2107 laudata
469 2065 606 2107 multo
638 2064 784 2107 rarius
818 2077 946 2118 quam
979 2067 1022 2108 in
1050 2065 1254 2108 Platonis
1288 2064 1480 2118 dialogis
1508 2064 1808 2116 inveniuntur,
1842 2063 1959 2116 quod

257 2136 479 2179 Isocrates
526 2138 668 2190 magis
711 2137 902 2181 Platone
949 2138 1213 2190 scriptorum
1262 2136 1402 2180 verba
1444 2147 1531 2179 non
1573 2140 1664 2178 tam
1707 2133 1963 2178 exscribere

258 2219 384 2260 quam
434 2207 685 2261 significare
731 2208 857 2261 solet,
898 2209 942 2251 id
984 2209 1101 2262 quod
1145 2208 1285 2251 verba
1328 2206 1455 2250 huius
1498 2205 1583 2249 loci
1627 2207 1685 2248 ad
1727 2205 1961 2249 Platonem

257 2278 508 2331 spectantia
546 2280 719 2322 docent.
782 2280 915 2322 Aliud
964 2279 1210 2322 huiusmodi
1248 2278 1489 2332 exemplum
1529 2290 1551 2320 e
1590 2276 1783 2320 Nicoclis
1828 2276 1958 2320 initio

259 2351 456 2402 petimus.
521 2349 645 2405 Quod
679 2350 740 2393 ibi
772 2351 995 2394 Isocrates
1028 2350 1137 2393 dicit
1178 2350 1266 2405 (ΙΙΙ
1298 2350 1360 2405 1);
1400 2351 1477 2393 εἰσί
1514 2364 1631 2404 τινες,
1668 2351 1707 2393 οἳ
1742 2349 1961 2401 δυσκόλως

257 2422 394 2477 ἔχουσι
426 2424 526 2478 πρὸς
556 2425 648 2473 τοὺς
680 2421 829 2478 λόγους
859 2425 930 2466 καὶ
961 2423 1256 2479 διαμὲμφονται
1287 2425 1382 2474 τοὺς
1412 2422 1751 2478 φιλοσοφοῦντας,
1788 2420 1830 2463 ci
1859 2419 1958 2463 Pla-

258 2493 373 2534 tonis
414 2491 608 2546 Gorgias
649 2494 917 2536 obversatur
959 2493 1194 2547 (Sudhaus,
1237 2491 1396 2534 Rhein.
1442 2491 1560 2534 Mus.
1594 2490 1743 2535 XLIV
1764 2491 1823 2536 66
1838 2503 1960 2547 sqq.;

259 2562 491 2617 Diimniler,
510 2563 670 2605 Kleine
693 2563 928 2618 Schriften,
953 2563 1140 2619 Leipziy
1156 2563 1286 2617 1901,
1309 2563 1330 2606 Ι
1355 2564 1408 2607 79
1426 2576 1522 2617 sqq.
1546 2561 1720 2606 Gercke
1741 2576 1784 2617 p.
1806 2562 1956 2625 LIV.).

259 2634 405 2686 Neque
430 2642 575 2678 tamen
594 2635 794 2679 Platonis
817 2636 1064 2680 sententias
1087 2636 1264 2689 repetit,
1290 2636 1366 2679 sed
1390 2635 1517 2689 quasi
1539 2634 1767 2678 consilium
1788 2633 1958 2689 dialogi

259 2706 316 2746 sit
341 2705 554 2758 Platonis,
589 2719 682 2749 eum
717 2708 881 2750 laudat.
946 2708 1114 2750 Deinde
1149 2707 1212 2750 sic
1244 2707 1412 2761 pergit:
1444 2706 1516 2749 καί
1547 2722 1669 2763 φασιν
1700 2708 1848 2759 αὐτοὺς
1878 2707 1959 2750 οὐκ

259 2778 404 2831 ἀρετῆς
425 2778 534 2820 ἀλλὰ
555 2779 789 2830 πλεονεξίας
810 2781 932 2822 ἕνεκα
953 2780 1162 2823 ποιεῖσθαι
1183 2781 1254 2830 τὰς
1276 2778 1465 2829 τοιαύτας
1488 2778 1704 2835 διατριβάς.
1764 2776 1954 2831 Operam

382 2946 412 2980 Η
439 2944 613 2988 Spengel,
643 2944 739 2981 Abh.
768 2944 803 2981 (l.
825 2945 934 2991 Bayr.
961 2945 1084 2982 Akad.
1107 2946 1196 2982 1855
1225 2944 1288 2980 Vll
1318 2946 1398 2980 755.
1451 2935 1638 2990 ilberweg
1657 2955 1692 2991 p.
1715 2945 1792 2982 177.
1841 2942 1957 2980 Reiu-

261 3001 373 3037 liardt
402 3014 432 3047 p.
461 3005 515 3039 25.
569 3004 721 3050 Natorp,
749 3004 886 3041 philol.
917 3005 941 3041 1,
968 3006 1047 3041 616.
