2080 3424
220 857 291 904 De
334 864 535 903 veterum
587 859 853 912 scriptorum
900 857 1186 911 Graecorum,
1232 857 1308 912 qui
1353 860 1460 901 ante
1506 856 1808 901 Alexandrum

102 930 315 987 Hngnum
350 928 545 982 fuerunt,
583 930 758 973 ratione
794 933 1003 972 auctores
1043 929 1255 972 laudandi
1292 940 1507 983 quaerere
1542 940 1629 973 nou
1667 927 1808 973 solum

0 1026 31 1096 ι
102 1002 498 1069 QQ
542 1002 620 1044 sed
666 1001 801 1044 etiam
847 1013 957 1055 opus
991 1005 1096 1066 Ξῖ...
1150 1000 1259 1044 Nam
1307 1000 1452 1044 adhuc
1497 1000 1675 1055 plurimi
1720 999 1809 1045 viri

0 1076 75 1139 W
102 1073 239 1129 docfi,
270 1073 347 1128 qui
376 1072 499 1117 locos
530 1073 738 1116 laudatos
768 1072 981 1117 librorum
1013 1077 1214 1116 veterum
1245 1073 1509 1127 scriptorum
1536 1070 1810 1116 Graecorum

3 1149 5 1152 “
102 1148 409 1200 respexerunt,
441 1144 551 1188 nihil
578 1144 699 1188 aliud
730 1144 816 1188 nisi
838 1144 943 1199 quid
974 1144 1236 1188 laudaretur
1267 1143 1598 1198 quaesiverunt.
1659 1145 1811 1198 Atque

102 1215 259 1261 mirum
279 1220 363 1271 est,
396 1217 514 1271 quod
541 1228 805 1271 quamquam
837 1215 924 1259 loci
951 1215 1122 1259 laudati
1153 1217 1211 1259 ad
1243 1215 1526 1270 antiquarum
1557 1215 1811 1260 litterarum

103 1287 335 1333 mentium
366 1289 722 1332 constituendam
760 1287 991 1342 plurimum
1023 1287 1191 1341 valent,
1233 1292 1382 1332 tamen
1414 1298 1604 1342 quanam
1635 1287 1812 1332 ratione

103 1362 313 1404 auctores
349 1371 377 1403 a
415 1359 644 1403 veteribus
687 1360 982 1414 scriptoribus
1022 1358 1208 1403 Graecis
1244 1359 1538 1402 laudarentur
1571 1370 1699 1403 nemo
1738 1359 1813 1402 ad·

102 1427 190 1476 hue
225 1430 340 1475 satis
377 1431 615 1485 quaesivit.
678 1431 811 1474 Cuius
848 1432 915 1475 rei
951 1431 1124 1475 initium
1162 1429 1365 1474 fecerunt
1401 1435 1449 1474 et
1484 1430 1696 1486 Loban,¹)
1734 1431 1811 1485 qui

104 1514 256 1548 omues
298 1502 434 1556 locos,
483 1503 642 1557 quibus
680 1516 708 1546 a
745 1503 975 1547 veteribus
1017 1502 1311 1557 scriptoribus
1354 1501 1539 1546 Graecis
1581 1501 1687 1546 libri
1722 1501 1812 1545 lau-

104 1575 283 1629 dantur,
315 1573 512 1630 collegit,
552 1580 598 1619 et
635 1573 862 1628 Ludwich,
896 1575 972 1628 qui
1015 1575 1059 1618 iu
1091 1574 1220 1628 libro,
1259 1586 1385 1628 quem
1423 1572 1512 1616 Die
1549 1572 1812 1616 Homervul-

104 1648 210 1702 yda
241 1644 308 1689 als
336 1644 780 1689 voralexandrinisch
811 1645 1020 1688 erwiesen
1050 1645 1291 1700 inscripsit,
1324 1645 1524 1690 omnibus
1564 1644 1657 1689 fere
1688 1644 1813 1699 locis,

106 1717 267 1772 quibus
298 1716 483 1761 Homeri
514 1730 670 1762 versus
702 1723 749 1761 et
782 1719 1032 1762 sententiae
1063 1730 1091 1761 a
1122 1717 1430 1771 scriptoribus,
1463 1717 1539 1771 qui
1570 1722 1676 1761 ante
1707 1720 1813 1760 tem-

106 1799 219 1843 pora
254 1787 560 1833 Alexandrina
603 1788 796 1843 fuerunt,
838 1790 1091 1844 exscriptae
1132 1794 1248 1842 sunt,
1293 1788 1549 1843 compositis
1592 1800 1657 1842 ea,
1698 1799 1813 1842 quae

106 1859 203 1915 ipse
239 1860 295 1904 de
333 1865 533 1905 veterum
570 1867 800 1905 auctorum
843 1862 1018 1905 ratione
1062 1873 1219 1904 versus
1262 1860 1494 1904 adserendi
1536 1860 1813 1914 observavit,

106 1931 273 1977 addere
304 1943 392 1977 non
424 1932 573 1976 omisit
603 1932 674 1989 (ξς
695 1933 906 1988 24-26).

225 2014 287 2060 Hi
312 2021 418 2060 sunt
446 2015 564 2069 libri,
598 2023 674 2071 qui
694 2016 799 2060 mihi
823 2017 1032 2060 videntur
1062 2016 1239 2059 maximi
1269 2017 1477 2059 momenti
1509 2027 1619 2060 esse.
1681 2014 1815 2059 Prae·

108 2091 236 2132 terea
271 2087 350 2132 alii
387 2087 488 2131 aliis
526 2088 635 2132 locis
674 2100 745 2132 res
784 2090 997 2142 quasdam
1035 2089 1301 2142 attigerunt,
1342 2088 1460 2131 inter
1492 2099 1603 2141 quos
1635 2086 1814 2131 Norden

107 2158 154 2203 in
198 2158 315 2204 libro
360 2159 438 2203 illo
484 2161 668 2215 egregio
720 2161 774 2204 de
808 2166 1007 2204 veterum
1039 2162 1303 2214 scriptorum
1336 2171 1538 2203 sermone
1568 2158 1813 2202 artificioso

108 2231 277 2286 scripto
324 2229 433 2286 (Die
489 2231 636 2274 antike
683 2230 968 2287 Ktenstprosa
1025 2232 1044 2275 Ι
1084 2232 1161 2287 89)
1218 2230 1434 2275 rationem
1499 2243 1655 2274 versus
1719 2242 1815 2273 ora·

109 2302 223 2347 tioni
264 2303 493 2347 intexendi
535 2304 757 2348 commode
803 2304 1101 2347 adumbravit.
1165 2302 1333 2347 Omitto
1367 2302 1626 2346 Roemerum
1659 2299 1812 2353 (Siteb.

109 2372 151 2415 d.
175 2372 316 2430 Bayr.
339 2373 481 2418 Akad.
503 2374 673 2429 (1884),
697 2388 738 2430 p.
762 2375 848 2419 269
865 2375 985 2429 sqq.)
1007 2379 1054 2418 et
1071 2374 1314 2418 Vahleuum
1337 2372 1491 2430 (Sitzb.
1513 2373 1555 2415 d.
1579 2371 1702 2415 Berl.
1725 2371 1812 2415 Alc.

108 2443 279 2501 (1902),
332 2458 373 2501 p.
406 2446 489 2490 166
511 2447 644 2503 sqq.)‚
698 2447 773 2501 qui
825 2448 878 2491 de
933 2446 1192 2490 Aristotelis
1237 2446 1553 2489 cousuetudine
1605 2444 1816 2488 laudandi

111 2522 319 2562 auctores
358 2518 690 2572 quaesiverunt,
733 2519 838 2573 quia
878 2519 921 2562 in
963 2517 1180 2562 nullorum
1221 2516 1306 2561 nisi
1347 2529 1495 2560 eorum
1534 2516 1813 2570 scriptorum,

112 2586 189 2642 qui
224 2592 331 2632 aute
361 2589 622 2635 Aristotelis
661 2595 862 2644 tempora
900 2589 1039 2633 libros
1078 2589 1280 2632 oratione
1318 2594 1418 2632 arte
1450 2589 1604 2632 vincta
1637 2586 1815 2642 popula-

113 2658 226 2702 riter
245 2658 534 2715 scripserunt,
566 2661 777 2705 laudandi
800 2662 973 2705 ratione
997 2661 1236 2704 tractanda
1259 2659 1432 2704 versari
1462 2659 1566 2703 mihi
1595 2660 1637 2702 iu
1669 2659 1816 2702 animo

113 2734 196 2774 est.
259 2728 400 2786 Quam
444 2733 502 2775 ad
554 2734 858 2787 quaestionem
910 2732 1225 2777 instituendam
1279 2743 1434 2775 versus
1479 2731 1538 2774 ab
1585 2734 1815 2774 auctorum

236 2874 270 2918 1)
295 2872 352 2910 De
389 2873 576 2912 librorum
602 2874 729 2912 titulis
760 2874 862 2922 apud
894 2874 1078 2911 classicos
1110 2874 1319 2920 scriptores
1344 2873 1510 2910 Graecos
1542 2872 1655 2910 nobis
1683 2883 1816 2911 occur-

115 2931 302 2970 rentibus.
355 2932 452 2970 Disa.
479 2931 597 2981 Mai-p.
628 2936 728 2972 1890.

257 3016 331 3044 nuo.
350 3018 509 3051 δοίρροΙ.
1681 3007 1693 3041 l
