2080 3424
949 303 1006 347 39

189 438 400 491 mro
432 442 633 487 Socratis
664 444 828 487 amicus
859 449 906 488 et·
935 440 1183 502 Ἰσοκράτης
1211 444 1235 488 ὁ
1264 445 1394 498 καλός
1424 444 1496 499 (Ξῖ
1505 447 1522 488 1
1540 443 1599 499 Ε)
1629 444 1775 489 dictus
1802 455 1834 488 a

274 517 324 560 te
369 514 468 569 ipso
515 521 564 558 ut
610 514 795 559 deliciae
840 520 977 569 atque
1022 527 1195 560 amores
1239 515 1389 572 magni
1434 514 1709 561 aestimatur.
1770 515 1834 559 At

295 583 445 640 aliter,
483 590 718 641 postquam
756 586 1079 630 necessitudine
1122 587 1302 631 sublata
1331 598 1540 632 summum
1570 586 1757 631 alterius
1786 585 1832 630 in
1879 577 1883 580 ⁴

265 676 312 694 s
361 657 506 702 odium
544 666 689 702 ortum
727 663 810 711 est,
850 669 921 701 res
958 658 1002 700 in
1040 658 1318 714 Euthydemo
1357 658 1536 714 dialogo
1566 661 1755 702 exeunte
1784 667 1834 701 se

268 727 295 775 'l
337 726 451 772 Nam
488 728 550 772 ibi
581 728 714 772 Plato
752 729 793 772 ei
829 740 915 772 non
952 730 1177 774 nominato
1215 734 1450 785 repugnat,
1487 729 1574 774 iam
1610 740 1697 773 uon
1737 738 1834 780 omn

236 802 293 847 n
324 800 466 845 amico
506 801 743 845 consentit.
804 800 890 843 Sed
937 813 1031 844 cum
1074 799 1196 844 Crito
1247 813 1344 845 eum
1383 812 1471 845 non
1511 800 1639 844 modo
1678 798 1834 843 Socra·

266 871 349 917 ¹nod
369 870 621 916 universam
645 870 962 925 philosophiam
985 872 1375 926 reprehendentem
1403 883 1451 915 se
1481 871 1705 915 audivisse
1733 880 1834 914 nar·

343 941 391 987 in
411 954 622 987 summam
644 942 844 986 Socratis
867 942 1236 996 vituperationem
1259 942 1383 987 venit
1403 942 1512 998 (305
1525 941 1592 997 C).
1635 939 1834 995 Uterque

96 1014 285 1071 m
314 1025 478 1068 eorum,
512 1015 588 1069 qui
618 1013 907 1067 collocuntur,
938 1026 1065 1068 quem
1095 1015 1141 1058 in
1171 1014 1317 1058 animo
1348 1013 1527 1068 habeat,
1558 1013 1646 1056 liis:
1677 1011 1835 1056 τούτων

101 1088 301 1146 *Rem
327 1088 423 1145 περὶ
453 1089 548 1138 τοὺς
578 1087 728 1143 λόγους
757 1088 852 1138 τοὺς
881 1087 938 1138 εἰς
967 1088 1020 1130 τὰ
1049 1086 1291 1143 δικαστήρια
1322 1086 1464 1130 δεινῶν
1495 1083 1597 1138 (304
1606 1082 1666 1137 D)
1695 1086 1834 1136 atque

106 1155 273 1217 veno
305 1156 484 1215 planius
514 1157 584 1200 his
624 1155 922 1211 significatui-3
952 1160 1104 1214 ἥκιστα
1133 1159 1182 1214 νὴ
1212 1157 1284 1201 τὸν
1313 1156 1392 1200 Δία
1421 1156 1571 1213 ῥήτωρ,
1598 1153 1694 1198 οὐδὲ
1723 1153 1835 1211 οἶμαι

101 1225 313 1289 Q'f
338 1231 466 1275 αὐτὸν
507 1230 573 1273 ἐπὶ
615 1229 875 1286 δικαστήριον
917 1228 1230 1286 ἀναβεβηκέναι·
1272 1223 1367 1271 ἀλλ’
1385 1228 1540 1272 tutam-e
1575 1226 1699 1270 αὐτόν
1734 1238 1836 1282 φασι

96 1314 99 1318 ’
118 1298 233 1361 ,κβ
250 1307 334 1346 'voti
352 1301 593 1359 πράγματος
613 1303 663 1357 νὴ
684 1302 755 1344 τὸν
775 1300 851 1344 Δία
871 1300 942 1343 καί
963 1299 1092 1343 δεινὸν
1112 1300 1213 1343 εἶναι
1242 1300 1314 1343 καὶ
1344 1297 1497 1350 διινοὺς
1526 1297 1675 1354 λόγους
1703 1309 1836 1340 συντι-

94 1375 96 1377 ’
112 1368 455 1429 ’ῗῧίῡαιωθῦθὶ
489 1372 651 1424 Verba,
664 1371 822 1425 quibus
832 1370 1055 1415 Isocrates
1072 1375 1271 1423 ornatur,
1282 1374 1388 1412 sunt
1403 1369 1568 1421 eadem,
1581 1366 1738 1421 quibus
1748 1366 1835 1410 An·

96 1456 99 1481 ῑ
129 1441 358 1492 tisthenes
397 1444 524 1498 carpi
567 1443 701 1487 solet:
746 1445 848 1500 ἀνὴρ
890 1443 1071 1499 οἰόμενος
1113 1442 1219 1486 πάνυ
1261 1440 1362 1485 εἶναι
1400 1440 1528 1496 σοφός
1564 1436 1745 1494 (3041))
1787 1439 1836 1480 et

123 1517 294 1563 m
326 1513 365 1561 δ’
394 1515 496 1560 εἶναι
526 1515 693 1559 πάντων
728 1514 960 1571 σοφώτατοι
990 1513 1225 1570 ἀνθρώπων
1255 1511 1364 1567 (305
1380 1510 1455 1566 C),
1485 1510 1562 1554 sed
1595 1509 1835 1553 Isocratem

136 1587 282 1646 ipsum
308 1587 538 1633 nominare
569 1586 702 1630 Plato
733 1584 1004 1628 intermittit.

257 1657 401 1716 Quam
437 1658 481 1702 in
515 1658 714 1701 Isocrate
754 1655 994 1700 adferendo
1028 1655 1242 1699 rationem
1272 1653 1403 1697 Plato
1434 1651 1649 1704 adhibuit,
1681 1650 1834 1695 eadem

34 1778 36 1783 ,
138 1730 206 1777 eis
233 1730 360 1786 loeis,
391 1741 504 1785 quos
537 1728 861 1782 exscripsimus,
893 1732 940 1771 et
961 1727 1135 1778 ceteris,
1169 1725 1327 1779 quibus
1357 1723 1567 1778 aequales
1597 1733 1683 1766 non
1705 1721 1837 1765 nomi·

19 1806 34 1833 ’ἱ
65 1845 71 1849 ,
138 1800 281 1848 nstin
318 1801 528 1846 laudatos
568 1802 813 1855 impugnat,
854 1811 947 1842 eum
995 1810 1115 1841 usum
1158 1808 1254 1840 esse
1299 1800 1456 1850 putare
1499 1793 1616 1837 licet.
1678 1791 1837 1846 Itaque

138 1873 187 1920 id
216 1872 518 1926 confirmatur,
551 1872 669 1926 quod
700 1882 836 1925 supra
866 1869 1004 1924 posui,
1025 1868 1267 1920 Platonem,
1301 1878 1395 1910 cum
1417 1870 1575 1909 contra
1595 1864 1838 1918 scriptores

139 1956 250 1991 sm
278 1945 445 1990 aetatis
478 1944 761 1988 vehementer
794 1943 1026 1996 pugnaret,
1059 1951 1135 1983 eos
1165 1937 1391 1982 nominare
1430 1935 1618 1980 veritum
1650 1945 1761 1986 esse,
1792 1933 1835 1977 ld

140 2017 260 2073 qnod
290 2015 426 2076 otiam
458 2016 514 2059 de
546 2015 744 2059 Isocrate
777 2020 823 2056 et
852 2010 1146 2066 Xenophonte
1177 2009 1403 2053 dicendum
1436 2012 1518 2050 est.

258 2087 355 2133 Iam
386 2087 497 2132 locis
534 2086 666 2141 longe
710 2083 906 2139 plurimis
943 2083 1183 2136 scriptores
1222 2079 1432 2134 aequales
1463 2089 1550 2121 non
1581 2074 1836 2121 nominatim

140 2158 312 2206 adferri
372 2158 649 2214 perspicuum
715 2161 798 2209 est,
857 2165 1039 2209 quorum
1111 2163 1273 2206 paucos
1334 2148 1559 2203 exscripsi.
1637 2146 1728 2190 Iam
1788 2150 1839 2189 ut

142 2243 293 2278 omnes
333 2230 638 2276 dubitationes
682 2227 912 2279 tollantur,
945 2226 989 2268 id
1032 2235 1207 2267 monere
1245 2222 1356 2266 satis
1387 2221 1488 2272 erit,
1520 2231 1544 2263 e
1574 2218 1838 2271 scriptorum

142 2302 414 2350 Graecorum
465 2301 658 2346 eiusdem
716 2298 809 2343 fere
861 2297 1027 2340 aetatis
1084 2305 1261 2338 numero
1313 2291 1652 2343 Themistogene
1708 2287 1838 2342 Syra-

142 2386 309 2421 cusano
354 2378 542 2428 excepto
589 2372 799 2416 neminem
843 2369 927 2413 nisi
975 2367 1152 2420 Lysiam
1200 2370 1246 2408 et
1294 2365 1532 2408 Isocratem
1577 2372 1606 2404 a
1650 2358 1839 2403 Platone

142 2445 333 2492 laudari.
395 2445 669 2500 Scriptorum
716 2453 825 2496 ergo
872 2452 966 2484 eam
1013 2450 1109 2481 esse
1155 2435 1446 2490 colligendum
1493 2438 1563 2477 est
1611 2434 1839 2475 consuetu·

143 2517 303 2574 dinem,
344 2522 396 2563 ut
441 2528 619 2562 suorum
660 2520 901 2568 temporum
944 2516 1149 2554 auctores
1192 2506 1447 2551 nominatim
1488 2515 1574 2548 non
1617 2502 1838 2556 adferant,

145 2590 408 2647 praesertim
441 2600 535 2633 cum
559 2599 708 2631 omnes
739 2586 1008 2639 impugnent.
1072 2580 1138 2624 Ea
1164 2580 1262 2634 ipsa
1293 2590 1340 2621 re
1371 2576 1479 2620 haec
1510 2579 1612 2619 orta
1642 2578 1712 2618 est
1743 2583 1841 2617 con·

144 2662 347 2708 suetudo.
412 2661 477 2705 Ne
517 2671 667 2704 omnes
708 2657 879 2712 quidem
921 2660 1127 2698 auctores
1164 2655 1315 2694 aetate
1357 2647 1545 2691 maiores
1584 2643 1840 2690 nominatim

144 2732 428 2788 adferuntur,
460 2743 548 2787 qua
580 2731 634 2774 de
666 2741 714 2773 re
745 2726 876 2783 paulo
910 2730 1010 2780 post
1041 2724 1317 2767 disseremus.

264 2804 534 2856 Herodotus,
582 2806 631 2845 ut
674 2805 742 2845 est
787 2797 1104 2846 consideratus,
1150 2792 1373 2842 neminem,
1418 2800 1542 2843 quem
1580 2792 1739 2830 contra
1770 2796 1842 2840 pu·

146 2879 272 2933 goat,
304 2887 359 2920 ne
391 2887 467 2919 eos
490 2873 677 2928 quidem,
711 2870 786 2924 qui
817 2874 922 2912 ante
953 2878 1047 2910 eum
1080 2864 1271 2915 fuerunt,
1302 2859 1512 2905 nominat.
1574 2857 1841 2902 Hecataeum

146 2946 336 3003 quidem,
368 2958 464 2990 cum
496 2944 669 2989 nonita
700 2940 837 2986 multo
869 2942 974 2983 ante
995 2948 1089 2980 eum
1122 2935 1259 2988 ipsum
1282 2930 1492 2981 floruerit.
1525 2928 1583 2972 ab
1613 2939 1665 2972 eo
1688 2926 1842 2993 taceri,
