2080 3424
1019 284 1071 327 21

106 429 127 486 J
158 432 160 436 ’
193 417 301 466 libri
328 421 516 464 notandi
548 421 765 467 rationem
795 423 854 467 ab
885 424 968 468 hoc
998 424 1095 470 loco
1127 426 1349 471 diversam
1379 427 1675 483 amplectitur.
1738 429 1894 475 Prota·

192 500 336 548 getae
371 490 484 535 enim
523 491 638 536 liber
673 491 880 552 Ἀλήθεια
916 497 1157 551 inscriptus
1192 502 1291 542 erat
1321 497 1488 554 (Zeller
1518 497 1600 543 Ph.
1624 499 1664 542 d.
1688 498 1766 543 Gr.
1789 499 1811 544 1
1830 497 1892 556 2⁸,

94 574 115 590 ÷=
197 561 327 618 loess,
347 564 407 616 1).
468 562 579 607 Nam
611 575 678 618 ea,
711 578 824 619 quae
855 566 899 610 in
933 566 1168 612 Theaeteti
1198 568 1367 624 dialogi
1398 569 1546 625 priore
1578 575 1708 625 parte
1736 570 1833 627 (161
1858 570 1895 617 C

167 658 170 659 ν
194 633 372 679 -165
391 633 449 686 E)
480 639 639 679 contra
677 635 957 692 Protagorae
999 645 1238 694 piaecepta
1269 641 1488 695 dicuntur,
1526 653 1581 685 ex
1612 642 1892 687 Antisthenis

102 744 121 763 μ,
170 700 324 760 Bito,
371 717 459 760 quo
501 706 781 762 Protagorae
829 710 1065 754 veritatem
1113 711 1381 758 refutavisse
1428 713 1672 767 videretur,
1716 717 1893 769 sumpta

189 786 309 830 esse,
337 775 564 822 Dummler
594 779 912 834 (Antisthenic.
936 794 976 835 p.
998 782 1059 825 60
1087 785 1176 837 sq.)
1207 795 1287 839 pro
1324 789 1449 828 certo
1481 786 1724 839 proposuit.
1785 783 1890 830 Cum

189 852 342 897 ntem
368 848 651 894 Antisthenis
678 850 804 905 liber,
838 853 895 895 ad
927 865 1053 909 quem
1084 855 1355 908 potissimum
1378 855 1508 900 Plato
1536 855 1721 900 Theaet.
1758 855 1836 900 161
1857 855 1891 900 C

189 923 399 974 spectare
446 921 639 975 videtur,
692 925 955 976 praesertim
1001 937 1096 968 cum
1142 926 1369 971 Socratem
1414 927 1696 972 Antisthenis
1741 926 1891 971 verbis

192 1001 316 1037 nsum
361 990 472 1036 illud
510 992 792 1049 Protagorae
839 995 920 1039 hoc
964 996 1060 1040 loco
1108 996 1298 1042 ludibrio
1345 998 1508 1043 babere
1545 998 1719 1044 Gercke
1749 996 1891 1052 (Neue

188 1060 346 1107 Jahrb.
367 1062 402 1117 f.
425 1063 467 1106 d.
490 1063 544 1106 kl.
572 1064 729 1108 Altert.
754 1067 894 1120 1586)
928 1067 1200 1122 probaverit,
1236 1066 1444 1127 Ἀλήθεια
1479 1069 1720 1125 inscriptus
1755 1072 1889 1123 esset,

188 1133 472 1190 Protagorae
503 1149 678 1191 quoque
709 1137 884 1191 librum,
916 1151 1041 1193 quem
1073 1152 1128 1183 ne
1165 1141 1305 1194 ipsum
1336 1140 1510 1195 quidem
1541 1140 1672 1185 Plato
1703 1140 1888 1184 Theaet.

194 1205 274 1251 161
293 1203 329 1251 O
348 1206 564 1263 neglegit,
598 1208 680 1252 hoc
712 1209 843 1253 titulo
875 1209 1139 1254 instructum
1160 1211 1296 1255 fuisse
1318 1211 1556 1256 verisimile
1577 1218 1661 1256 est.
1722 1211 1887 1256 Horum

189 1277 424 1334 utriusque
469 1279 574 1324 libri
619 1280 778 1324 titulus
808 1281 988 1326 Platoni
1033 1283 1089 1325 ad
1136 1295 1231 1326 eum
1273 1282 1523 1338 elegantius
1553 1282 1888 1338 significandum

188 1348 451 1395 ineuntem
472 1363 681 1395 summam
702 1353 794 1396 dat.
857 1353 964 1396 Nam
988 1354 1346 1408 quotiescumque
1362 1366 1458 1398 eum
1479 1358 1802 1407 commemorat,
1824 1353 1888 1398 eis

189 1420 343 1466 verbis
387 1421 541 1476 utitur,
587 1428 636 1467 ut
678 1428 725 1467 et
756 1423 870 1468 liber
901 1424 1180 1480 Protagorae
1217 1429 1263 1469 et
1295 1425 1466 1469 veritas
1502 1425 1694 1481 intelligi
1727 1425 1886 1480 possit:

189 1491 376 1539 Theaet.
405 1495 489 1538 170
503 1494 554 1547 Ε,
582 1495 659 1538 161
681 1495 733 1549 Ε,
766 1496 887 1539 Crat.
910 1495 1060 1539 3860.

330 1564 456 1610 Haec
487 1566 604 1610 ratio
636 1571 682 1610 et
714 1566 781 1610 his
813 1566 922 1610 locis
953 1571 1000 1611 et
1030 1567 1215 1611 Theaet.
1252 1568 1390 1611 152A
1412 1567 1627 1619 adhibita,
1659 1579 1773 1623 quae
1801 1570 1887 1612 toti

187 1634 393 1681 Platonis
424 1637 578 1692 generi
609 1638 833 1682 scribendi
864 1639 1318 1682 accommodatissima
1353 1644 1437 1692 est,
1469 1651 1555 1683 nou
1586 1638 1798 1684 abhorret
1829 1639 1887 1684 ab

188 1708 270 1762 eis,
289 1720 401 1763 quas
422 1707 555 1752 Plato
576 1713 623 1753 et
644 1708 882 1758 Calliclem,
905 1715 954 1752 ut
975 1722 1110 1764 supra
1131 1709 1460 1765 explicavimus,
1482 1715 1528 1754 et
1555 1722 1632 1754 eos
1652 1715 1887 1765 sequentes

187 1778 313 1835 facit,
346 1779 423 1834 qui
455 1792 550 1824 cum
583 1780 723 1824 verba
744 1781 959 1835 quaedam
990 1780 1210 1834 adferant,
1243 1794 1329 1835 quo
1356 1781 1454 1825 loco
1485 1781 1769 1826 inveniantur
1799 1794 1884 1826 non

186 1850 303 1895 satis
344 1852 504 1896 sciunt.
567 1851 667 1908 Qua
697 1853 752 1896 de
784 1865 832 1896 re
865 1855 946 1897 ποὺ
978 1852 1048 1896 vel
1085 1854 1239 1897 ἄλλοθι
1266 1853 1448 1906 addunt,
1493 1852 1629 1906 velut,
1673 1856 1723 1896 ut
1766 1852 1885 1897 locos

187 1922 423 1968 nonnullos
466 1923 678 1977 adferam,
723 1923 907 1968 Theaet.
944 1924 1028 1968 152
1044 1924 1096 1977 A,
1131 1925 1209 1968 177
1228 1926 1280 1977 A,
1315 1924 1436 1967 Crat.
1459 1925 1547 1968 402
1563 1924 1614 1978 A,
1659 1923 1799 1979 Legg.
1818 1923 1883 1968 111

186 1993 279 2040 680
291 1993 343 2048 B,
365 1994 448 2039 681
470 1994 522 2049 Ε,
547 1995 674 2039 Prot.
691 1996 779 2039 339
794 1997 848 2049 A,
870 1996 1033 2040 Phaed.
1062 1997 1143 2040 112
1159 1997 1211 2039 A.
1275 1995 1347 2039 Ita
1367 1996 1418 2048 is,
1452 1997 1527 2050 qui
1555 1995 1694 2039 verba
1715 1994 1884 2047 laudat,

187 2065 266 2110 ubi
324 2071 517 2121 exstent,
581 2072 627 2110 et
688 2068 803 2111 scire
863 2079 1004 2121 neque
1066 2072 1223 2111 notare
1286 2067 1476 2111 videtur.
1563 2066 1684 2111 Haec
1743 2079 1884 2121 neque

187 2136 425 2193 diligentia
467 2150 609 2193 neque
652 2138 933 2194 indiligentia
973 2139 1207 2190 scribendi,
1251 2139 1327 2182 sed
1371 2137 1489 2182 ratio
1521 2139 1736 2193 quaedam
1767 2138 1884 2183 inter

186 2221 265 2254 eas
300 2210 445 2255 media
482 2215 564 2254 est.
628 2210 783 2255 Omnia
821 2215 967 2254 autem
1000 2210 1107 2254 haec
1138 2210 1251 2254 idem
1285 2209 1477 2264 probant
1506 2209 1881 2253 accuratissimam

185 2279 399 2325 librorum
465 2281 699 2325 verborum
752 2281 945 2325 locorum
991 2281 1343 2336 descriptionem,
1392 2281 1538 2335 quoad
1585 2279 1679 2324 fleri
1728 2279 1882 2335 possit,

185 2351 366 2397 evitari.

329 2423 499 2480 Quibus
523 2424 654 2468 rebus
671 2425 864 2479 cognitis
886 2425 943 2468 ad
962 2424 1242 2478 Protagorae
1265 2423 1403 2467 verba
1424 2434 1452 2466 a
1474 2423 1663 2467 Platone
1686 2421 1880 2471 laudata,

186 2495 301 2540 unde
348 2494 539 2550 profecti
585 2508 745 2548 sumus,
797 2501 1087 2540 revertamur.
1158 2494 1343 2539 Praeter
1394 2494 1534 2539 locum
1586 2494 1700 2538 enim
1746 2506 1883 2550 supra

185 2567 456 2621 exscriptum
488 2567 694 2622 (Theaet.
732 2569 812 2611 152
832 2568 890 2619 A)
927 2566 1003 2610 alii
1042 2566 1153 2610 idem
1190 2564 1418 2620 sophistae
1455 2564 1572 2610 illius
1608 2565 1881 2610 celeberrimi

185 2637 350 2682 dictum
395 2644 576 2693 ponunt.
639 2638 721 2682 His
765 2643 910 2682 tamen
956 2637 1062 2680 nihil
1106 2636 1309 2681 adfertur
1352 2637 1436 2681 nisi
1484 2643 1635 2691 partes
1666 2637 1880 2692 quaedam

185 2709 452 2762 sententiae,
506 2722 620 2764 quae
667 2709 869 2754 Platonis
920 2721 1013 2752 eum
1062 2708 1210 2752 verbis
1256 2712 1356 2752 arte
1402 2712 1712 2752 contexuntur.
1789 2707 1880 2753 Pri·

184 2791 306 2826 orem
366 2782 479 2825 euim
543 2786 712 2836 partem
774 2779 976 2825 oratioue
1037 2778 1217 2834 obliqua
1279 2777 1498 2834 prolatam
1549 2778 1671 2824 Crat.
1722 2780 1811 2825 385
1843 2779 1881 2825 Ε

184 2852 451 2897 invenimus:
486 2878 538 2884 —
575 2877 627 2884 —
662 2854 802 2910 ὥσπερ
824 2852 1102 2909 Πρωταγόρας
1133 2851 1288 2907 ἔλεγεν,
1319 2850 1453 2907 λέγων
1474 2851 1639 2895 πάντων
1658 2851 1881 2909 χρημάτων

185 2923 332 2983 μίτραν
359 2924 460 2969 clm
481 2926 719 2982 ἄνθρωπον,
750 2922 807 2976 ὡς
827 2926 908 2981 ἀρα
939 2922 1004 2966 οἱα
1025 2922 1098 2979 μέν
1118 2922 1225 2974 κτλ,
1248 2932 1352 2975 pars
1373 2920 1519 2965 altera
1546 2920 1673 2966 nobis
1695 2920 1878 2966 Theaet.
