2080 3424
931 270 984 313 13

38 403 234 456 Plato
262 406 475 463 plurimos
504 410 595 453 suis
618 410 768 455 verbis
799 417 974 467 aptant.
1007 411 1159 467 Neque
1191 425 1299 459 vero
1332 413 1625 470 Thucydides,
1657 421 1707 460 ut
1728 421 1801 460 est

31 471 303 545 {getlingum
340 490 518 524 versum
555 485 809 526 commutat.
872 483 958 527 Sed
994 482 1242 539 Xenophon
1278 490 1416 540 atque
1451 485 1584 530 Plato
1622 487 1799 542 saepius

34 543 256 615 versus
284 555 579 596 commutatos
611 564 740 607 quam
772 554 974 609 integros
1005 554 1226 610 adferunt,
1259 567 1389 611 quam
1415 557 1633 602 rationem
1664 558 1799 602 etiam

30 615 421 685 311133Dmosthenes
482 625 781 679 consequitur.
862 625 987 681 Ergo
1049 627 1216 682 gradus
1275 633 1324 672 et
1383 629 1513 683 quasi
1565 641 1798 684 processus

27 687 287 745 {innotis
329 692 563 738 adserendi
608 707 780 749 versus,
827 696 901 751 qui
948 698 1114 752 gradus
1145 704 1191 742 et
1222 710 1455 753 processus
1486 699 1664 755 generis
1694 701 1798 745 scri·

27 761 231 826 badi
274 771 487 820 aequant,
532 766 868 822 intelleguntur.
933 767 1030 824 Quo
1077 768 1190 813 enim
1235 770 1379 825 magis
1425 771 1572 815 oratio
1602 782 1631 815 a
1661 773 1794 826 scrip-

24 850 46 882 :5
61 834 271 893 >toribus
301 836 534 891 excolitur,
569 849 621 881 eo
653 837 859 882 licentius
891 851 1047 883 versus
1063 839 1340 886 adferuntur.
1402 842 1639 897 Isocrates,
1672 841 1795 888 cuius

14 917 238 963 genus
276 906 453 953 dicendi
482 910 757 954 numerosius
790 916 922 965 esset,
956 924 1085 965 quam
1117 916 1167 955 ut
1189 924 1393 956 versuum
1425 924 1604 957 numero
1625 918 1797 969 pertur-

92 976 196 1024 bari
239 979 441 1035 deberet,
488 980 561 1024 vel
605 992 657 1024 eo
705 981 935 1036 processit,
985 988 1034 1026 ut
1063 995 1297 1037 numquam
1329 985 1607 1029 orationibus
1639 997 1796 1030 versus

17 1075 38 1094 ,2
92 1049 331 1098 intexeret.

23 1100 38 1136 ᾗ
211 1119 337 1178 Quae
367 1134 463 1167 cum
495 1123 562 1166 ita
593 1124 696 1177 sint,
735 1136 823 1168 non
861 1124 1036 1168 dubium
1068 1130 1151 1180 est,
1189 1126 1295 1180 quin
1325 1137 1413 1170 non
1445 1126 1583 1171 solum
1614 1126 1796 1172 Hermo-

2 1191 35 1257 [ξ
95 1204 231 1249 genes
261 1194 317 1240 de
348 1195 554 1239 versibus
585 1195 630 1239 iu
653 1196 858 1240 oratione
879 1196 1028 1240 soluta
1049 1197 1349 1241 exscribendis
1371 1203 1493 1242 recte
1513 1197 1794 1251 iudicavisse,

93 1265 171 1309 sed
206 1265 341 1310 etiam
372 1266 551 1310 Norden
590 1279 642 1310 eo
682 1279 785 1311 usus
823 1267 906 1311 hoc
945 1272 1226 1322 praeceptum
1263 1269 1377 1312 artis
1408 1268 1630 1313 scribendi
1662 1282 1703 1324 p.
1737 1271 1795 1314 89

93 1335 257 1391 optime
285 1336 561 1382 intellexisse
593 1339 819 1383 videatur:
862 1338 950 1392 „Es
981 1339 1042 1382 ist
1073 1339 1277 1383 dasselbe
1292 1338 1471 1394 Priuzip
1503 1341 1582 1384 der
1597 1340 1794 1386 Einheit·

0 1408 18 1468 ,ᾖ
93 1407 288 1464 lichkeit,
336 1409 526 1454 welches
573 1411 669 1454 dem
717 1411 901 1455 autikeu
948 1410 1272 1455 Schriftsteller
1319 1411 1494 1466 verbot,
1539 1411 1792 1458 Verscitate

92 1479 205 1524 ohne
240 1481 446 1525 weiteres
482 1481 526 1525 in
565 1482 687 1525 seine
717 1482 876 1525 Worte
913 1480 1244 1536 eiuzuflechten,
1282 1482 1532 1537 uberhaupt
1568 1483 1682 1527 ohne
1718 1483 1792 1528 be·

90 1551 306 1596 sonderen
324 1552 486 1596 Zweck
516 1565 570 1596 zu
603 1552 719 1597 viele
741 1554 827 1596 und
859 1565 912 1596 zu
944 1553 1077 1608 lange
1099 1552 1266 1597 Stellen
1284 1565 1338 1596 zu
1360 1552 1587 1597 citiereu.“
1650 1554 1793 1610 Scrip-

0 1609 8 1679 }
91 1610 263 1667 toribus
305 1624 446 1679 igitur
490 1625 635 1668 oratio
679 1629 779 1668 arte
820 1625 974 1668 vincta
1014 1626 1111 1679 ipsa
1153 1624 1502 1678 praescribebat,
1546 1630 1595 1669 ut
1636 1638 1792 1670 versus

90 1693 349 1747 laudandos,
382 1695 459 1749 qui
487 1695 546 1739 ab
577 1696 781 1740 oratione
813 1695 962 1740 soluta
992 1695 1126 1739 alieni
1157 1701 1319 1749 esseut,
1352 1701 1564 1750 quantum
1595 1703 1790 1751 possent,

93 1765 240 1810 verbis
270 1765 363 1810 suis
395 1772 699 1811 contexerent.

0 1842 7 1897 ᾖ,
210 1838 272 1882 At
310 1837 516 1892 quaestio
557 1837 726 1891 existit,
775 1850 873 1882 uum
917 1839 1159 1892 scriptores
1206 1838 1368 1881 Graeci
1408 1838 1486 1891 ita,
1529 1843 1578 1882 ut
1617 1850 1670 1882 ex
1711 1838 1789 1892 eis,

0 1902 8 1950 ἶ
88 1919 203 1963 quae
233 1909 527 1964 exposuimus,
550 1909 843 1965 colligendum
876 1915 958 1963 est,
992 1909 1105 1953 artis
1137 1910 1358 1954 scribendi
1390 1915 1669 1964 praeceptum
1702 1922 1790 1954 non

87 1980 300 2035 scriptum
322 1980 679 2026 observaverint.
722 1981 810 2025 Cur
833 1982 1007 2025 tandem
1029 1982 1087 2024 ab
1104 1981 1301 2024 omuibus
1323 1981 1616 2035 scriptoribus
1635 1993 1791 2025 versus

87 2052 265 2107 saepius
297 2053 568 2097 verbotenus
600 2053 924 2106 exscribuntur,
957 2065 1035 2096 cur
1065 2052 1189 2095 multi
1222 2064 1390 2106 versus,
1430 2051 1504 2106 qui
1535 2056 1790 2096 structurae

88 2123 324 2168 verborum
355 2125 757 2177 accommodantur,
792 2136 947 2168 versus
978 2136 1074 2167 esse
1107 2136 1191 2167 non
1215 2123 1453 2167 desinunt?
1484 2122 1630 2179 Quid?
1660 2122 1788 2179 Quod

3 2207 11 2234 ς
86 2194 145 2239 ab
188 2195 444 2240 oratoribus
484 2195 650 2240 Atticis
695 2195 956 2250 praesertim
1001 2195 1058 2238 ab
1101 2194 1316 2238 Aeschine
1360 2199 1406 2238 et
1448 2193 1657 2249 Lycurgo
1700 2206 1787 2238 nou

0 2263 10 2322 Ξ
87 2266 223 2311 toties
255 2266 384 2322 pauci
418 2279 573 2312 versus
604 2268 812 2322 deinceps
845 2266 1062 2318 (Aesch.1
1091 2267 1184 2317 128,
1224 2266 1316 2318 129,
1355 2267 1449 2319 148,
1487 2267 1581 2313 151.
1615 2265 1657 2309 II
1686 2266 1788 2318 1443

86 2337 194 2393 Lyc.
216 2338 287 2387 92.
315 2339 431 2394 109),
461 2340 637 2394 quoties
666 2339 840 2393 plurimi
866 2338 1064 2382 continui
1092 2337 1270 2393 (Aescu.
1295 2336 1431 2390 1144,
1458 2338 1553 2389 149,
1583 2337 1676 2389 150,
1704 2338 1786 2381 152

89 2408 153 2454 111
178 2410 281 2464 1353
304 2408 413 2465 Lyc.
439 2411 535 2463 100,
558 2411 654 2461 103,
680 2411 777 2464 107)
800 2410 1056 2453 laudantur!
1079 2408 1277 2461 Accedit,
1301 2408 1417 2462 quod
1436 2407 1609 2462 plurimi
1633 2419 1788 2452 versus

85 2491 172 2525 non
203 2482 262 2525 ad
295 2482 477 2525 verbum
508 2481 678 2525 laudati
710 2482 750 2525 ei
782 2487 897 2534 sunt,
932 2492 1041 2534 quos
1070 2479 1370 2534 Hermogenes
1400 2479 1606 2537 παρῳδίας
1639 2484 1786 2523 vocat.

87 2550 251 2597 Versus
303 2553 386 2597 hoc
436 2554 565 2597 modo
597 2552 850 2605 adhibendi,
904 2553 1020 2606 quod
1072 2550 1262 2594 exscribi
1313 2562 1400 2594 nou
1453 2558 1650 2605 possunt,
1703 2549 1788 2594 uisi

83 2628 325 2678 mutantur,
366 2625 566 2668 mutandi
606 2630 709 2668 sunt
750 2636 889 2678 neque
938 2623 981 2666 id
1023 2622 1249 2675 sermonis,
1291 2621 1361 2665 cui
1404 2621 1623 2665 inserendi
1666 2626 1784 2673 sunt,

83 2706 232 2743 causa.
282 2696 360 2740 sed
410 2702 459 2739 ut
510 2696 695 2750 parodia
748 2695 839 2738 flat.
904 2693 1160 2737 Huiusmodi
1203 2693 1342 2748 igitur
1386 2692 1588 2736 versibus
1625 2690 1689 2735 sic
1725 2691 1785 2735 in·

84 2765 278 2811 tellectis
323 2779 528 2811 uumerus
574 2778 776 2810 versuum
820 2766 862 2810 in
905 2765 1147 2809 orationem
1187 2764 1434 2818 pedestrem
1472 2761 1785 2806 dissolutorum

82 2836 225 2882 minor
261 2837 326 2892 fit,
365 2850 494 2892 quam
531 2851 608 2893 per
646 2850 692 2881 se
731 2838 824 2891 ipse
862 2842 944 2880 est.
1006 2838 1130 2891 Quae
1167 2847 1260 2878 cum
1300 2835 1365 2878 ita
1401 2835 1503 2887 sint,
1543 2845 1621 2877 cur
1651 2833 1784 2888 scrip·

0 2894 6 2949 [‘
83 2914 206 2954 tores
238 2908 400 2954 Graeci
434 2921 519 2953 uon
553 2920 724 2963 semper
756 2908 799 2951 id
832 2907 1020 2963 egerint,
1061 2912 1105 2949 ut
1145 2917 1321 2960 quoquo
1354 2906 1481 2949 modo
1515 2916 1670 2949 versus
1701 2904 1785 2949 dis·
