2080 3424
949 296 1001 337 15

222 432 302 493 *fre
335 430 504 488 Lysiae
540 434 765 478 sententia
801 436 1016 489 quaedam
1054 438 1277 491 convenit,
1316 449 1446 492 quam
1483 439 1536 482 A.
1570 437 1745 484 Gercke
1776 451 1817 494 p.

191 499 312 550 vm
331 503 621 559 sagacissime
641 506 686 550 in
708 506 887 551 Libauii
906 507 1129 563 Apologia
1148 507 1349 553 Socratis
1368 508 1595 563 cognovit.
1647 508 1820 555 Rhetor

104 631 293 700 m
326 645 529 692 Socratis
566 647 810 703 dissolutis,
849 661 938 704 qua
974 662 1023 694 re
1054 655 1230 705 poetam
1267 652 1395 706 quasi
1429 651 1591 695 iniuria
1627 651 1817 706 quadam

190 715 204 723 ’”
339 728 439 763 esse
460 722 621 773 putare
643 719 835 774 videtur,
858 720 1060 765 offendit:
1093 721 1117 764 ὀ
1147 723 1388 780 σοφώτατος
1411 719 1596 776 ’Ἄνυτος
1613 722 1818 781 ἐτόλμησα

408 791 763 848 &reomenses
797 792 1819 851 καθάπερὲνΣκὺθαιςδιαλιγόμινοςκαίοὺιι

369 861 622 920 ἀνθρώποις,
651 861 690 904 τί
724 865 798 920 μὲν
828 861 1005 908 Ἀνύτου
1045 865 1085 908 τί
1127 866 1172 909 δὲ
1203 864 1408 922 Πινδάρου
1449 863 1497 920 (ξ
1537 865 1625 917 30).
1687 863 1815 922 Quod

287 979 289 981 .
349 966 362 987 ,
393 943 491 976 cum
522 932 616 987 ipse
647 933 731 977 hac
751 934 796 977 iu
819 946 868 978 re
892 935 1127 979 offendisse
1148 946 1233 979 non
1259 935 1480 988 videatur,
1510 947 1535 979 e
1565 936 1691 980 fonte
1719 946 1815 987 suo,

271 1000 439 1059 Lysiae
469 1003 629 1047 librum
661 1005 706 1048 in
736 1004 990 1060 Polycratis
1020 1007 1343 1051 accusationem
1372 1006 1572 1051 Socratis
1602 1006 1815 1062 scriptum

120 1125 122 1127 ,
286 1073 443 1119 Eirzel
479 1073 661 1127 (Rhein.
694 1075 814 1119 Mus.
846 1076 975 1121 XLII
1007 1078 1094 1121 239
1124 1078 1244 1132 sqq.)
1279 1077 1430 1131 evicit,
1467 1077 1667 1122 hausisse
1704 1076 1816 1122 veri·

107 1141 256 1198 dailo
283 1151 368 1191 est.
429 1145 539 1190 Inde
570 1145 750 1202 Lysiam
787 1147 927 1202 ipsum
960 1148 1213 1203 Polycratis
1251 1149 1480 1203 rationem,
1518 1160 1633 1203 quae
1662 1149 1813 1193 eadem

99 1214 199 1273 (fl,
229 1228 319 1274 qua
347 1216 479 1262 Plato
518 1218 740 1262 nonnullis
778 1219 888 1263 locis
918 1231 1054 1274 supra
1090 1220 1440 1264 commemoratis
1470 1231 1575 1264 usus
1605 1225 1688 1273 est,
1725 1231 1813 1264 non

108 1288 488 1345 “probavisse
519 1291 598 1333 sed
632 1303 788 1334 versus
820 1291 1091 1335 verbotenus
1121 1292 1370 1346 exscriptos
1396 1290 1603 1335 maluisse
1632 1302 1814 1344 cognos-

108 1359 263 1405 ω.
310 1357 411 1405 Bon
442 1360 631 1405 omnium
663 1374 773 1416 ergo
805 1366 896 1405 tum
929 1362 1064 1406 fuisse
1094 1363 1285 1415 videtur,
1318 1374 1474 1406 versus
1494 1363 1538 1406 in
1566 1363 1812 1407 orationem

23 1424 67 1482 5³³
110 1431 361 1488 Μυάνων
407 1432 666 1477 dissolvere.
729 1432 862 1476 Certe
903 1438 1084 1487 praeter
1130 1432 1309 1488 Lysiam
1353 1433 1594 1477 Aeschines
1639 1445 1813 1488 quoque

25 1497 54 1548 ζ»,
108 1502 162 1548 ἢ
190 1501 406 1559 neglexit,
439 1505 528 1559 qui,
561 1509 612 1547 ut
642 1504 860 1557 Redantz,
892 1517 1020 1559 quem
1050 1504 1181 1549 Blass
1212 1504 1296 1555 (ΙΙΙ
1327 1507 1354 1548 2
1387 1517 1427 1559 p.
1466 1505 1566 1558 119)
1597 1504 1811 1559 sequitur,

109 1574 329 1630 exposuit,
369 1574 580 1631 plurimos
619 1588 788 1629 versuS‚
827 1577 903 1631 qui
940 1576 1058 1619 inter
1088 1588 1136 1619 se
1167 1576 1420 1629 cohaerent,
1458 1575 1503 1619 in
1535 1576 1812 1620 orationihus

108 1642 296 1691 hudare
340 1647 502 1702 coepit,
549 1659 637 1701 qua
682 1648 727 1690 in
774 1659 822 1691 re
868 1649 1039 1691 modum
1085 1659 1224 1701 paene
1270 1646 1464 1690 transiit.
1538 1645 1810 1699 Aeschinem,

38 1715 39 1718 ’
109 1727 374 1773 quiunquam
404 1719 633 1762 moderate
665 1718 985 1763 Demosthenes
1018 1717 1189 1771 (xvln
1211 1719 1310 1771 267,
1332 1717 1444 1762 XIX
1465 1718 1565 1771 243,
1589 1718 1688 1771 245,
1709 1719 1811 1769 24¹1,

107 1788 217 1843 2552
246 1794 427 1834 secutus
457 1795 542 1834 est.
603 1789 690 1834 Sed
723 1802 775 1834 eo
808 1790 1012 1834 licentius
1043 1789 1275 1844 Lycurgus
1312 1788 1356 1833 in
1389 1790 1591 1833 oratione
1621 1789 1667 1833 in
1698 1787 1811 1833 Leo·

108 1865 280 1905 cratem
322 1859 478 1905 habita
522 1873 678 1905 versus
721 1861 889 1911 laudat,
934 1867 984 1904 ut
1021 1873 1229 1904 summum
1272 1861 1317 1904 in
1360 1866 1518 1915 poetas
1560 1860 1811 1914 superiores

22 1950 50 1981 γ
108 1929 311 1976 favorem
342 1936 558 1994 praestet.

35 2009 49 2058 g}
227 2005 292 2048 At
322 2015 480 2048 versus
513 2005 557 2048 in
588 2005 868 2048 orationibus
900 2016 994 2048 cum
1026 2009 1271 2047 ceterorum
1304 2006 1530 2046 oratorum
1563 2002 1809 2046 Atticorum

107 2078 203 2119 tum
232 2073 432 2131 Lycurgi
469 2075 679 2120 laudatos
716 2077 762 2120 in
799 2077 863 2120 eis
900 2075 1191 2127 orationibus,
1229 2086 1342 2128 quae
1379 2073 1544 2117 litteris
1575 2073 1810 2117 mandatae

66 2151 67 2154 ’
106 2145 153 2190 in
173 2156 331 2191 manns
351 2146 572 2191 hominum
594 2148 895 2202 pervenerint,
928 2147 1132 2200 scriptos
1166 2157 1251 2189 non
1279 2146 1323 2189 in
1346 2144 1623 2188 orationibus
1645 2142 1811 2188 habitis

107 2216 255 2262 didos
299 2229 398 2263 esse
444 2217 646 2272 Norden,
697 2219 767 2262 vir
814 2219 971 2262 doctus
1017 2217 1169 2261 summi
1216 2216 1377 2269 iudicii,
1424 2228 1510 2259 non
1555 2214 1667 2258 male
1712 2225 1810 2258 con-

29 2280 56 2320 '32
107 2288 269 2335 tendit.
322 2288 451 2347 Quod
479 2292 683 2345 quamvis
705 2290 893 2345 placeat,
927 2294 1074 2333 tamen
1096 2289 1244 2332 facere
1273 2300 1357 2331 non
1381 2298 1568 2342 possum,
1601 2286 1705 2340 quin
1728 2284 1809 2329 hac

30 2352 49 2394 3
107 2361 154 2405 iu
173 2372 225 2406 re
244 2361 515 2406 addubitem.
552 2362 705 2417 Neque
726 2363 840 2406 enim
860 2361 1085 2414 intellego,
1102 2371 1181 2403 cur
1201 2361 1244 2402 in
1267 2358 1543 2403 orationibus
1565 2356 1810 2401 scribendis

106 2432 154 2476 id
172 2431 364 2487 licuerit,
388 2434 505 2488 quod
527 2433 571 2477 in
595 2432 810 2477 habendis
833 2432 1108 2476 orationibus
1130 2443 1215 2474 non
1234 2430 1458 2474 ferendum
1480 2428 1615 2472 fuisse
1632 2427 1807 2472 Norden

27 2500 51 2558 ᾗ
107 2503 205 2559 ipsu
224 2508 370 2559 putat,
393 2504 555 2560 quippe
577 2505 652 2559 qui
676 2505 863 2548 vetitum
886 2502 1021 2546 tuisse
1045 2507 1220 2546 veteres
1235 2502 1478 2555 scriptores
1499 2500 1627 2544 nimis
1648 2498 1809 2543 multos

106 2572 354 2631 longosque
381 2575 503 2620 locos
530 2580 695 2620 temere
724 2581 769 2619 et
798 2574 917 2618 nullo
939 2573 1122 2617 consilio
1150 2572 1331 2616 laudare
1360 2572 1452 2626 ipse
1474 2571 1608 2615 dicat.
1656 2568 1807 2625 Neque

25 2639 30 2700 ζ
108 2657 218 2691 vero
238 2658 334 2691 cum
356 2648 495 2692 ceteri
517 2653 722 2691 oratores
744 2651 835 2690 tum
859 2646 1090 2700 Lycurgus
1111 2645 1206 2688 sine
1227 2642 1411 2687 consilio
1435 2654 1602 2693 versus,
1631 2652 1742 2696 quos
1763 2641 1807 2685 in

107 2727 260 2763 eornm
281 2718 560 2763 orationibus
582 2718 781 2773 legimus,
806 2717 1113 2761 laudaverunt.
1175 2714 1283 2758 Nam
1308 2725 1462 2758 versus
1483 2725 1511 2757 a
1534 2713 1741 2768 Lycurgo
1763 2712 1805 2756 in

108 2789 314 2834 oratione
361 2790 609 2835 Leocratea
661 2789 872 2843 exscripti
925 2800 978 2831 eo
1030 2787 1125 2831 loco
1176 2791 1321 2839 stant,
1374 2798 1397 2829 e
1450 2796 1536 2839 quo
1587 2783 1624 2828 si
1672 2794 1804 2827 remo·

108 2864 286 2915 vantur,
309 2861 379 2905 vis
400 2861 617 2906 orationis
639 2872 803 2904 summo
838 2859 1020 2902 virtutIs
1042 2858 1190 2901 studio
1213 2856 1368 2912 plenae
1391 2855 1577 2899 tollitur.
1610 2855 1806 2908 Congre-

108 2934 279 2986 mtnr
322 2931 436 2976 enim
483 2932 528 2975 in
574 2936 815 2976 extremam
864 2936 1047 2985 partem,
1094 2939 1208 2982 quae
1255 2926 1446 2971 orationi
1493 2926 1674 2970 habitae
1719 2924 1804 2969 vim

188 572 492 621 “durissimus
524 575 570 620 in
600 576 786 621 Pindari
818 578 1022 622 versibus
1059 579 1118 622 ab
1149 582 1301 634 Anyto
1332 581 1378 624 in
1408 579 1664 636 Polycratis
1693 591 1819 625 accu-
1895 583 1897 585 ’
