2080 3424
1098 324 1156 366 32

275 467 523 525 ἀνθρώπους
554 465 618 511 ἐπ’
639 469 787 524 ἀρετὴν
818 467 1038 524 κράτιστον
1069 466 1292 522 γεγονέναι,
1325 470 1578 522 προαγαγεῖν
1608 462 1644 508 δ’
1664 463 1728 509 ἐπ’
1754 466 1883 523 αὐτὴν
1902 465 1984 523 οὐχ

276 538 428 594 ἱκανόν,
478 538 729 595 σκεψάμενοι
771 540 863 582 πτλ.
927 537 1024 581 Hoc
1067 549 1153 580 uno
1194 537 1292 580 loco
1334 549 1361 579 a
1400 536 1697 590 Xenophonte
1737 535 1983 591 complures

274 611 525 653 laudantur.
588 609 697 651 Nam
731 609 783 662 ei,
819 610 893 663 qui
915 610 1122 666 νομίζουσι
1149 609 1206 651 ab
1229 609 1306 662 eis,
1340 609 1415 662 qui
1435 609 1640 665 γράφουσί
1659 608 1986 666 τεκαίλὲγουσι

276 682 403 735 plane
456 682 778 724 discernuntur.
840 680 924 723 His
977 681 1090 723 enim
1143 680 1244 723 illos
1292 681 1487 734 credere,
1542 691 1656 733 quae
1709 680 1764 723 de
1794 678 1983 724 Socrate

275 753 471 795 scribant
513 757 647 806 atque
692 752 858 795 dicant.
923 751 1007 795 Sed
1047 752 1122 805 qui
1158 751 1226 794 illi
1262 750 1430 795 fuerint
1468 750 1557 794 dici
1591 763 1680 795 non
1711 754 1876 806 potest,
1913 750 1983 795 his

276 824 415 867 Grote
446 822 598 878 (Plato
643 823 732 865 (md
773 822 841 864 the
884 823 1003 866 other
1043 822 1327 878 companions
1371 822 1422 876 of
1451 821 1651 865 Socrates
1687 821 1755 865 111
1787 823 1865 877 23)
1902 834 1983 867 suo

275 896 367 938 inre
391 896 541 938 docuit
563 896 742 939 subesse
766 900 991 939 auctorem
1015 894 1326 948 Clitophontis.
1384 895 1481 938 Hoc
1507 896 1552 937 in
1574 895 1755 949 dialogo
1777 905 1847 948 ea,
1868 905 1984 948 quae

276 967 520 1020 Xenophon
553 966 715 1019 adfert,
759 969 811 1010 de
844 966 1030 1011 Socrate
1068 966 1288 1021 dicuntur,
1328 979 1422 1010 eum
1455 967 1732 1020 aptissimum
1763 977 1876 1021 esse,
1907 964 1984 1020 qui

276 1039 468 1082 homines
509 1040 565 1081 ad
608 1040 819 1082 virtutem
862 1039 1141 1093 adhortetur,
1185 1050 1273 1082 non
1314 1039 1516 1082 idoneum
1555 1050 1664 1091 esse,
1705 1036 1781 1091 qui
1817 1048 1894 1081 eos
1924 1037 1984 1080 ad

276 1111 487 1154 virtutem
525 1112 663 1164 ipsam
703 1112 897 1153 adducat
935 1122 1117 1164 eamque
1162 1111 1334 1153 doceat.
1398 1109 1647 1164 Xenophon
1686 1108 1827 1164 igitur
1868 1107 1985 1152 hunc

275 1181 516 1236 dialogum,
577 1195 671 1225 cum
730 1183 822 1225 eius
875 1194 1084 1225 summam
1137 1181 1263 1236 dicit,
1317 1181 1479 1225 adfert.
1562 1179 1862 1224 Adversarios
1913 1178 1985 1222 hic

275 1253 451 1296 adlatos
483 1254 731 1307 Xenophon
775 1266 862 1297 non
907 1254 1157 1296 concitatus
1199 1253 1382 1297 refutat.
1444 1252 1542 1296 Hoc
1573 1253 1629 1296 de
1659 1252 1788 1296 Mem.
1824 1252 1844 1295 1
1875 1251 1984 1309 2,119
2052 1243 2054 1247 ’

275 1326 360 1367 dici
406 1338 493 1368 non
542 1330 704 1380 potest,
753 1325 829 1369 ubi
875 1326 1080 1380 legimus:
1134 1328 1234 1378 ἴσως
1286 1324 1358 1369 οὖν
1411 1328 1560 1369 εἴποιεν
1612 1326 1662 1369 ἂν
1707 1324 1855 1368 πολλοὶ
1899 1329 1984 1367 τῶν

275 1398 519 1453 φασκόντων
551 1399 790 1454 φιλοσοφεῖν
822 1399 882 1441 ὅτι
913 1400 990 1441 οὐκ
1021 1400 1070 1441 ἄν
1101 1413 1202 1441 ποτε
1234 1398 1256 1440 ὁ
1294 1398 1449 1449 δίκαιος
1494 1399 1634 1449 ἄδικος
1673 1396 1847 1453 γένοιτο,
1888 1395 1984 1438 οὐδὲ

275 1468 297 1509 ὁ
311 1469 487 1525 σώφρων
499 1469 700 1526 ὑβριστής,
713 1471 808 1513 οὐδὲ
824 1470 929 1513 ἄλλο
945 1471 1063 1513 οὐδὲν
1085 1468 1142 1513 ὧν
1161 1469 1341 1526 μάθησίς
1358 1470 1467 1512 ἐστιν
1484 1469 1507 1512 ὁ
1524 1469 1675 1525 μαθὼν
1696 1466 1986 1523 ἀνεπιστήμων

276 1542 324 1582 ἄν
355 1555 454 1583 ποτε
485 1541 656 1595 γένοιτο.
717 1541 827 1583 Nam
861 1553 956 1583 cum
988 1541 1046 1595 id,
1082 1541 1195 1594 quod
1231 1539 1480 1583 adversarii
1515 1539 1760 1593 proferunt,
1794 1537 1919 1582 velut
1945 1537 1985 1579 si

274 1609 560 1663 Xenophonti
618 1612 703 1666 ipsi
756 1613 916 1666 relata,
969 1613 1014 1654 in
1067 1613 1339 1654 contrariam
1391 1615 1563 1665 partem
1614 1609 1837 1663 adferant,
1889 1611 1984 1651 tum

276 1682 383 1726 illud
441 1684 587 1727 πολλοὶ
646 1692 729 1727 τῶν
787 1686 1033 1741 φασκόντων
1094 1685 1333 1741 φιλοσοφεῖν
1383 1683 1706 1738 indignationis
1757 1681 1984 1726 cuiusdam

277 1762 357 1798 est.
411 1756 506 1798 Hoc
538 1755 651 1798 enim
682 1757 810 1798 modo
833 1755 1081 1809 Xenophon
1103 1754 1409 1799 adversarium
1431 1754 1739 1808 philosophum
1760 1752 1984 1806 simulare,

276 1839 361 1869 non
395 1839 491 1870 esse
531 1839 668 1880 paene
707 1826 990 1880 contemptim
1029 1827 1151 1870 dicit.
1215 1827 1385 1869 Auctor
1416 1839 1444 1869 a
1473 1826 1771 1879 Xenophonte
1807 1825 1872 1868 sic
1910 1835 1985 1867 no·

277 1902 411 1949 tatus,
446 1903 494 1940 ut
517 1898 739 1941 Diimmler
771 1897 932 1950 (Akad.
958 1911 997 1952 p.
1026 1899 1127 1950 198)
1150 1899 1394 1941 rectissime
1417 1897 1659 1950 contendit,
1691 1895 1985 1939 Antisthenes

278 1974 359 2022 est,
393 1971 514 2012 cuius
547 1971 600 2011 de
633 1970 816 2022 virtute,
850 1982 962 2023 quae
995 1970 1145 2012 doceri
1176 1981 1317 2022 neque
1349 1969 1498 2011 amitti
1527 1968 1684 2022 possit,
1717 1967 1984 2011 sententiam

277 2041 521 2094 Xenophon
569 2041 640 2083 hic
690 2040 851 2083 adfert.
915 2041 1065 2084 Prima
1113 2041 1286 2094 quidem
1333 2041 1478 2094 specie
1529 2041 1683 2082 mirum
1730 2042 1812 2092 est,
1867 2038 1984 2092 quod

278 2112 522 2165 Xenophon
552 2112 661 2155 illud
689 2113 740 2154 in
776 2112 1056 2166 Antisthene,
1092 2112 1162 2155 cui
1197 2112 1337 2154 multa
1368 2114 1555 2165 accepta
1587 2123 1683 2154 eum
1720 2108 1890 2154 referre
1917 2120 1985 2152 su·

281 2196 359 2236 pra
392 2184 591 2235 diximus,
626 2185 769 2227 animo
807 2185 988 2238 ingrato
1034 2183 1276 2237 vituperat.
1339 2182 1491 2236 Neque
1533 2186 1680 2226 tamen
1718 2181 1831 2225 talia
1866 2181 1983 2235 apud

278 2254 519 2308 scriptores
553 2260 728 2298 veteres
760 2255 963 2298 inaudita
996 2267 1092 2298 esse
1125 2259 1172 2298 et
1203 2254 1334 2309 ratio,
1369 2266 1482 2308 quae
1513 2254 1744 2297 Herodoto
1777 2265 1872 2297 cum
1897 2253 1982 2296 He-

279 2330 434 2369 cataeo
456 2326 705 2380 intercedit,
739 2328 868 2370 docet
900 2332 945 2370 et
977 2327 1101 2370 Diels
1131 2325 1305 2380 (Herm.
1338 2325 1474 2369 XXII
1495 2325 1604 2381 430)
1636 2325 1980 2369 demonstravit:

279 2397 567 2440 Aristotelem
630 2399 741 2441 enim
797 2399 840 2441 in
891 2398 1142 2441 animalium
1192 2397 1425 2441 historiam
1475 2397 1627 2451 multa,
1681 2407 1794 2451 quae
1844 2396 1983 2440 Hero·

280 2469 408 2510 dotus
466 2469 732 2522 rettulisset,
795 2469 887 2513 fere
940 2470 1211 2513 verbotenus
1263 2470 1489 2522 exscripta
1540 2467 1780 2522 recepisse,
1834 2472 1983 2512 tamen

281 2540 332 2580 de
385 2551 454 2582 an.
507 2552 605 2594 gen.
634 2540 756 2582 1115
787 2553 825 2594 p.
858 2541 943 2584 756
965 2541 993 2583 b
1020 2541 1048 2583 6
1098 2543 1169 2584 τὸν
1220 2541 1460 2597 μυθολόγον
1510 2539 1746 2593 increpans
1798 2540 1982 2584 eundem

283 2622 459 2653 vocare.

398 2682 519 2725 Haec
564 2684 675 2725 satis
720 2687 864 2737 sunto,
910 2688 959 2726 ut
1005 2684 1220 2737 quomodo
1266 2687 1312 2726 et
1354 2694 1464 2736 quos
1496 2687 1703 2727 auctores
1734 2682 1982 2737 Xenophon

282 2753 524 2795 nominibus
563 2766 646 2797 non
689 2755 853 2797 additis
891 2755 1070 2798 adferat
1108 2754 1340 2797 discamus,
1405 2755 1566 2798 Cetera
1603 2759 1762 2808 postea
1797 2753 1899 2797 aliis
1937 2753 1982 2796 in

283 2823 411 2865 rebus
446 2826 694 2867 tractandis
728 2838 1053 2879 persequemur.
2072 2873 2077 2878 λ

400 2893 619 2947 Quantum
653 2897 842 2940 interest
880 2898 998 2941 inter
1029 2896 1367 2950 Xenophontem
1406 2902 1451 2940 et
1482 2897 1752 2941 Platonem
1790 2909 1887 2941 cum
1917 2909 1983 2950 ce·

285 2965 391 3005 teris
425 2966 554 3008 rebus
588 2974 676 3009 tum
709 2974 808 3011 arte
841 2975 1046 3012 auctores
1079 2968 1306 3011 laudandi!
1339 2967 1450 3011 Nam
1476 2968 1679 3012 Platonis
1710 2981 1787 3013 ars
1817 2980 1985 3013 summa
2058 2954 2080 2989 ‘³³
