2080 3424
956 315 1011 359 47

257 460 412 495 veram
434 451 765 507 philosophiam,
798 467 895 499 esse
923 456 1082 501 doceat
1103 456 1281 513 (Bonitz
1314 471 1356 513 p.
1391 459 1474 504 104
1490 460 1621 515 sqq.).
1684 459 1835 516 Neque

113 517 283 581 ξύων
315 521 471 567 mirum
509 528 593 576 est,
637 526 755 578 quod
792 525 925 570 Plato
969 528 1277 573 Antisthenem
1321 529 1706 587 perstringendum
1747 543 1833 577 non

131 587 284 655 w
310 591 497 647 inducit,
529 595 607 638 sed
639 596 720 639 sub
753 608 965 650 personas
996 599 1135 643 abdit.

96 692 150 714 ...f
176 671 199 696 θ
257 662 386 711 Nunc
416 667 633 720 quomodo
665 666 799 711 Plato
830 670 1028 713 auctoris
1059 671 1305 726 impugnati
1336 672 1474 717 verba
1504 684 1558 717 ac
1588 674 1836 719 sententias

95 729 187 784 §gh
200 733 403 786 ‘aedium
434 737 673 791 protulerit
705 739 943 783 videamus
993 739 1170 786 Scilicet
1202 741 1388 797 plurima
1416 747 1603 799 uterque
1632 744 1836 800 sophista

240 806 392 855 Marte
410 807 575 852 adfert.
637 809 724 853 Sed
753 809 835 854 hoc
856 812 1112 855 monendum
1139 818 1227 857 est:
1257 825 1344 868 quo
1366 814 1666 860 vehementius
1685 819 1833 860 aucto-

97 873 443 948 ζξφηπὴιιᾱαιοε
464 880 708 935 impugnat,
731 892 784 925 eo
806 881 978 926 cautius
1000 895 1147 927 eorum
1169 884 1307 928 verba
1330 896 1384 929 ac
1404 887 1650 930 sententias
1669 885 1832 931 adfert.

178 961 252 1002 m
279 951 540 996 auctoribus
571 951 807 996 nominatis
838 958 918 996 aut
947 953 1035 997 alio
1068 956 1194 998 modo
1226 956 1394 1000 notatis
1425 955 1570 1011 Plato,
1607 957 1646 1000 si
1675 962 1834 1002 contra

101 1028 232 1074 ω
260 1020 490 1067 laudatam
520 1023 660 1077 ipsam
691 1029 875 1078 pugnat,
909 1024 1016 1068 locis
1046 1038 1075 1069 a
1102 1027 1229 1070 nobis
1258 1027 1497 1081 propositis
1524 1032 1571 1072 et
1598 1027 1700 1072 aliis
1720 1028 1834 1072 satis

107 1096 297 1150 :perte
341 1094 483 1139 verba
528 1096 861 1150 sententiasque
898 1095 1059 1140 adfert.
1120 1098 1196 1141 Sin
1232 1098 1289 1142 ad
1326 1103 1532 1143 auctores
1568 1098 1835 1144 adferendos

135 1163 308 1214 talibus
348 1165 501 1211 verbis
547 1167 701 1220 utitur,
747 1167 904 1221 quibus
948 1167 1215 1212 simultatem
1265 1173 1400 1223 atque
1446 1169 1556 1212 iram
1597 1169 1831 1225 significet,

95 1237 99 1243 “
134 1235 307 1289 vereri
329 1236 509 1282 videtur
550 1239 679 1281 nimis
725 1239 889 1282 diserte
931 1239 1068 1283 verba
1109 1252 1256 1284 eorum
1294 1241 1556 1285 exscribere.
1619 1240 1683 1284 Eo
1720 1241 1833 1285 euim

58 1343 69 1373 ¹.
134 1306 250 1366 loeo,
280 1320 369 1366 quo
389 1309 710 1362 Antisthenem,
734 1315 784 1353 ut
804 1322 939 1364 supra
961 1311 1122 1354 dictum
1145 1317 1226 1364 est,
1256 1312 1407 1355 laudat
1429 1311 1635 1367 (Theaet.
1661 1312 1743 1355 155
1760 1310 1831 1364 E).

25 1378 81 1423 ff*
119 1382 226 1430 ‘non
261 1380 417 1427 verbis
454 1381 548 1424 eius
585 1380 707 1435 ipsis,
746 1382 823 1425 sed
865 1382 1054 1436 imagine
1095 1387 1139 1425 et
1178 1382 1471 1426 translatione
1511 1383 1698 1437 quadam
1729 1394 1833 1426 usus

14 1455 44 1498 ²4
71 1454 78 1507 ᾖ
135 1454 222 1498 est.
282 1452 425 1510 Quam
468 1453 525 1496 ad
568 1453 784 1496 rationem
828 1452 1029 1496 Platonis
1069 1466 1257 1508 pugnam
1294 1453 1339 1497 in
1381 1459 1586 1497 auctores
1627 1453 1833 1498 laudatos

12 1519 63 1554 ³⁵0
137 1523 305 1574 editum
335 1523 561 1579 pertinere
593 1524 657 1567 eis
687 1524 809 1577 loci8‚
844 1524 1002 1578 quibus
1040 1530 1245 1568 auctores
1283 1525 1508 1580 quosdam,
1546 1524 1669 1568 velut
1709 1525 1832 1568 Anti·

18 1647 20 1652 ,
135 1594 337 1641 othonem
368 1596 414 1640 in
444 1595 724 1651 Euthydemo
763 1596 955 1651 dialogo,
994 1597 1122 1650 quasi
1158 1596 1239 1640 sub
1277 1608 1467 1651 persona
1504 1597 1704 1650 quadam,
1745 1607 1831 1650 quo

135 1665 282 1723 magis
316 1679 414 1712 eum
450 1669 652 1721 irrideat,
692 1672 741 1711 ut
778 1669 905 1711 modo
943 1669 1351 1721 demonstravimus,
1385 1667 1660 1722 perstringit,
1694 1666 1832 1710 multo

134 1737 313 1795 planius
345 1737 410 1784 fit.
471 1739 594 1784 Haec
625 1739 753 1783 nobis
785 1740 1043 1793 exponenda
1074 1743 1189 1782 sunt.

18 1869 35 1874 ,Ἴ
253 1809 339 1865 Ea,
361 1823 476 1866 quae
494 1810 627 1855 Plato
660 1810 705 1854 in
731 1810 1008 1865 Euthydemo
1030 1810 1209 1864 dialogo
1231 1810 1398 1860 laudat,
1416 1821 1502 1853 non
1520 1815 1610 1852 tam
1627 1809 1684 1852 ad
1702 1819 1829 1852 unum

12 1877 44 1934 ἑ,
134 1880 298 1928 librum
312 1893 443 1937 quam
460 1883 518 1926 ad
534 1894 737 1937 magnam
756 1882 1005 1925 litterarum
1021 1881 1299 1925 Antisthenis
1317 1886 1485 1935 partem
1502 1880 1710 1924 attinent.
1744 1881 1831 1923 Ars

135 1951 376 1999 Platonica
402 1966 456 1998 ea
482 1958 565 2008 est,
595 1958 644 1997 ut
670 1966 812 1998 sermo
844 1954 1052 2008 fingatur,
1076 1965 1161 2007 quo
1184 1958 1228 1997 et
1252 1958 1350 1996 tota
1371 1952 1488 1995 ratio
1510 1962 1739 2005 moresque
1759 1962 1831 1995 so-

134 2024 385 2082 phistarum
417 2030 746 2081 cognoscantur
778 2030 822 2069 et
854 2025 1163 2079 Dionysodoro
1201 2023 1380 2077 eiusque
1417 2022 1548 2066 fratri
1578 2032 1743 2066 summa
1774 2021 1829 2064 ad

133 2096 418 2146 Antisthenis
438 2109 559 2141 more
581 2098 808 2141 dicendum
837 2096 1028 2140 facultas
1049 2097 1190 2139 detur.
1243 2093 1520 2138 Antisthenis
1548 2091 1831 2147 quaestiones

19 2164 22 2166 ’
98 2207 99 2210 ,
134 2168 192 2214 de
228 2168 440 2214 discendo
481 2168 744 2226 (μανθάνειν)
785 2167 1015 2211 institutas
1055 2166 1206 2220 (Diog.
1240 2165 1391 2209 Laert.
1428 2163 1489 2207 vl
1528 2165 1598 2208 15:
1638 2165 1727 2220 mpl
1758 2168 1831 2207 τοῦ

136 2240 364 2299 μανθάνειν
388 2239 694 2299 προβλήματα),
728 2251 840 2293 quae
861 2237 1051 2293 argutiis
1078 2237 1272 2280 caruisse
1300 2248 1385 2279 non
1409 2235 1617 2279 videntur
1643 2233 1831 2289 (Urban,

134 2322 178 2366 p.
213 2311 304 2367 10),
335 2311 470 2356 Plato
513 2311 681 2364 laudat,
714 2323 808 2354 cum
842 2309 1191 2363 Dionysodorum
1230 2314 1273 2351 et
1307 2306 1625 2361 Euthydemum
1665 2304 1746 2349 hac
1776 2304 1831 2347 de

132 2394 185 2427 re
214 2383 344 2439 qnasi
374 2383 535 2427 iterum
567 2384 835 2427 disserentes
857 2380 1039 2424 Cliniam
1073 2378 1197 2423 verbi
1229 2379 1429 2436 μαθάνιιν
1459 2375 1673 2431 duplicem
1700 2374 1828 2429 signi·

131 2452 384 2500 ficationem
445 2455 656 2499 docentes
715 2454 826 2497 facit
878 2451 1171 2507 (275c-277
1188 2450 1255 2504 C).
1323 2448 1449 2504 Quod
1497 2447 1541 2492 ni
1588 2448 1651 2490 ita
1696 2451 1829 2497 esset,

132 2524 268 2571 Plato
298 2526 438 2571 verbo
471 2526 696 2584 μανθάνειν
727 2526 884 2569 iterum
916 2530 1050 2577 atque
1082 2522 1238 2565 iterum
1272 2519 1345 2564 vix
1379 2525 1589 2564 uteretur.

252 2596 315 2643 Ut
345 2597 389 2641 in
428 2597 512 2641 hac
549 2598 615 2640 ita
653 2598 696 2640 in
729 2595 873 2639 altera
905 2605 1076 2649 quoque
1118 2591 1417 2646 disputatione
1449 2588 1674 2644 sophistae
1705 2587 1831 2631 Anti-

132 2667 304 2714 sthenis
334 2669 582 2714 sententias
603 2668 814 2722 quasdam
838 2665 1067 2721 proferunt
1088 2664 1194 2718 (283
1210 2667 1244 2706 Α
1269 2662 1402 2717 sqq.).
1466 2660 1573 2704 Nam
1597 2663 1828 2714 postquam

132 2738 304 2786 Cliniae
335 2741 498 2785 amicos
525 2739 632 2784 nihil
664 2738 792 2783 malle
824 2749 951 2791 quam
985 2742 1031 2779 ut
1065 2735 1230 2789 periret
1253 2732 1451 2788 captiose
1483 2733 1828 2775 demonstratum

132 2814 218 2867 est,
256 2811 493 2866 Ctesippus
533 2811 737 2855 irritatus
779 2807 1128 2862 Dionysodorum
1166 2804 1342 2849 mentiri
1379 2802 1490 2847 satis
1526 2805 1680 2856 aperte
1721 2798 1828 2843 dicit

132 2882 240 2937 (283
252 2882 323 2937 Ε).
405 2882 502 2939 Quo
555 2881 675 2925 facto
731 2879 1031 2933 Euthydemus
1082 2890 1105 2920 e
1154 2875 1362 2929 Ctesippo
1415 2873 1608 2928 quaerit:
1668 2869 1720 2915 'rt
1769 2870 1829 2924 u,

132 2955 218 3013 ἔφη
248 2952 284 2999 ὧ
315 2954 547 3012 Κτὴσιππε,
584 2954 607 2997 ὁ
639 2952 898 3008 Εὐθύδημος,
936 2949 962 3006 ὴ
995 2951 1106 2993 bont
1142 2961 1204 2992 σοι
1235 2946 1320 2991 οῑὸν
1357 2943 1399 2990 τ’
1435 2944 1536 2990 clm
1581 2943 1831 3001 ψοὺδισθαῧ
