2080 3424
1079 312 1131 354 18

255 460 430 509 ptorum
451 454 624 497 ratione
647 457 854 496 auctores
875 452 1109 496 adserendi
1139 453 1322 508 cognita
1353 453 1682 507 perspiciemus.
1745 453 1840 498 Hos
1878 454 1958 510 igi·

255 532 340 580 tur,
375 538 556 579 quorum
590 526 717 579 quasi
740 525 943 578 princeps
965 524 1221 567 Herodotus
1253 525 1337 567 huc
1358 524 1568 579 pertinet,
1591 536 1677 579 age
1698 528 1956 569 tractemus.

374 622 643 678 Quamquam
684 625 729 664 et
767 624 872 663 ante
903 621 1224 664 Herodotum
1263 624 1308 664 et
1342 621 1434 664 eius
1467 620 1959 676 temporibuscomplu·

255 708 325 738 res
363 694 603 747 scriptores
642 696 784 746 erant,
825 704 934 746 quos
973 692 1156 735 laudare
1195 693 1353 747 potuit,
1397 705 1484 736 non
1523 692 1660 736 solum
1694 690 1957 747 philosophi,

255 769 330 810 sed
369 767 500 810 etiam
538 765 816 819 logographi‚
858 767 1004 807 tamen
1046 777 1174 807 unum
1206 765 1479 808 Hecataeum
1521 763 1732 808 nominat.
1793 763 1959 808 Eorum

254 843 400 881 autem
443 838 648 889 locorum,
695 836 853 889 quibus
898 848 991 879 eum
1038 839 1362 890 commemorat,
1407 836 1536 880 nobis
1577 837 1662 880 duo
1696 835 1960 890 respiciendi

254 914 369 962 sunt,
416 908 519 962 quia
563 921 658 951 eum
702 907 811 950 alibi
855 912 903 950 ut
947 907 1209 961 scriptorem
1240 920 1327 950 non
1360 907 1507 951 adfert
1540 908 1746 951 nisibis:
1795 906 1841 950 11
1875 906 1960 966 143

254 987 299 1024 et
346 980 408 1022 VI
452 981 547 1023 137.
610 979 766 1022 Priore
813 978 925 1031 loc0,
973 991 1059 1032 quo
1107 991 1202 1022 cum
1249 979 1358 1022 dicit
1404 981 1603 1037 πρότερον
1650 979 1697 1023 δὲ
1740 974 1960 1036 Ἑκαταίῳ

253 1060 311 1110 τῷ
364 1054 591 1109 λογοποιῷ,
638 1051 911 1093 Hecataeum
964 1051 1226 1104 scriptorem
1281 1051 1410 1104 plane
1466 1051 1684 1104 appellat,
1733 1050 1840 1104 quid
1883 1049 1960 1094 ille

255 1123 418 1167 Thebis
474 1123 649 1176 generis
705 1123 772 1164 sui
828 1121 1041 1175 originem
1099 1134 1334 1165 recensens
1391 1122 1618 1165 audiverit
1673 1127 1720 1165 et
1778 1121 1958 1175 viderit,

254 1200 424 1247 narrat,
458 1198 507 1236 ut
547 1193 615 1236 his
649 1205 743 1236 cum
776 1193 907 1236 rebus
939 1205 1005 1246 ea,
1040 1205 1152 1247 quae
1185 1194 1246 1236 ibi
1277 1193 1372 1247 ipse
1405 1193 1534 1247 vidit,
1569 1198 1810 1247 comparet.
1873 1191 1960 1236 Sed

255 1268 323 1309 hic
355 1266 476 1309 locus
516 1266 689 1308 omnino
728 1276 814 1307 non
847 1264 885 1307 is
919 1265 1097 1308 videtur
1129 1277 1239 1318 esse,
1280 1277 1365 1318 quo
1398 1265 1655 1308 Herodotus
1686 1264 1958 1308 Hecataeum

254 1339 419 1391 laudet,
462 1338 565 1390 quia
604 1336 821 1379 rationem
858 1337 900 1378 in
934 1336 1016 1378 hac
1048 1348 1097 1379 re
1129 1337 1353 1390 usitatam,
1388 1348 1476 1390 qua
1508 1341 1554 1379 et
1586 1339 1744 1380 auctor
1774 1338 1960 1379 notatur

255 1415 300 1452 et
333 1409 424 1451 eius
463 1408 602 1452 verba
640 1408 962 1461 exscribuntur,
1006 1419 1093 1451 non
1131 1412 1308 1451 secutus
1350 1413 1431 1451 est.
1496 1408 1623 1464 Quod
1658 1419 1711 1452 ne
1740 1407 1836 1461 ipse
1869 1407 1960 1461 qui-

255 1482 349 1523 dem
384 1480 575 1523 voluisse
616 1480 806 1522 videtur.
870 1479 975 1522 Cum
1014 1478 1126 1522 enim
1165 1479 1363 1523 auctoris
1395 1479 1569 1523 laudati
1601 1479 1741 1523 verba
1769 1490 1857 1522 non
1889 1490 1959 1522 ex-

255 1551 437 1605 scribat,
470 1551 640 1604 librum,
676 1563 698 1593 e
732 1562 817 1604 quo
850 1551 1010 1604 hausit,
1046 1551 1170 1593 velut
1196 1551 1260 1593 VI
1286 1551 1380 1605 137,
1414 1563 1501 1594 non
1533 1552 1746 1594 nominat.
1809 1550 1957 1603 Immo,

257 1624 360 1676 quia
391 1636 477 1666 non
511 1627 601 1665 tam
635 1623 899 1665 sententiam
931 1624 1152 1676 quandam
1183 1623 1402 1666 Hecataei
1434 1635 1564 1676 quam
1597 1634 1664 1675 ea,
1697 1633 1812 1676 qnae
1845 1620 1960 1665 vidit

255 1699 300 1737 et
361 1694 546 1748 audivit,
598 1694 724 1747 quasi
785 1695 830 1737 in
891 1706 1070 1737 numero
1133 1707 1278 1737 rerum
1341 1698 1567 1748 gestarum
1624 1694 1734 1748 sint,
1787 1697 1958 1746 narrat,

256 1766 510 1809 Herodotus
543 1766 625 1808 hac
657 1766 831 1809 ratione
863 1765 1075 1808 laudandi
1105 1765 1379 1809 Hecataeum
1411 1766 1568 1808 utitur.

374 1862 529 1904 Altero
568 1862 664 1904 loco
698 1861 778 1916 (VI
816 1862 930 1914 137),
966 1873 1051 1914 quo
1084 1861 1462 1904 accuratissimam
1497 1860 1718 1904 rationem
1749 1858 1961 1903 laudandi

256 1934 450 1987 adhibet,
499 1934 772 1976 Herodotum
819 1932 1036 1976 Hecataei
1094 1934 1357 1976 sententiam
1406 1934 1547 1986 ipsam
1594 1931 1772 1976 adferre
1819 1930 1959 1985 primo

256 2010 438 2058 aspectu
501 2005 796 2058 cognoscitur.
881 2005 990 2047 Nam
1050 2005 1325 2058 Herodotus,
1390 2017 1506 2057 cum,
1568 2009 1617 2047 ut
1678 2004 1774 2057 ipse
1837 2001 1960 2053 dicit,

256 2077 496 2119 diiudicare
528 2089 614 2119 non
639 2077 792 2130 possit,
827 2081 972 2119 utrum
994 2077 1089 2119 iure
1117 2088 1175 2119 an
1196 2077 1414 2119 immerito
1435 2076 1617 2130 Pelasgi
1644 2075 1702 2118 ab
1725 2073 1960 2118 Athenien-

256 2149 375 2191 sibus
420 2148 590 2201 depulsi
633 2149 735 2200 sint,
786 2149 924 2201 primo
962 2147 1180 2191 Hecataei
1225 2147 1309 2190 hac
1352 2149 1406 2191 de
1449 2160 1497 2190 re
1537 2147 1816 2199 sententiam,
1864 2157 1959 2189 cum

258 2221 408 2262 mirum
442 2219 486 2261 in
508 2220 680 2262 modum
702 2220 756 2261 ad
780 2219 998 2272 publicum
1021 2219 1226 2262 iudicium
1247 2231 1294 2262 se
1322 2218 1515 2273 derigat,
1548 2219 1706 2262 deiude
1726 2215 1961 2261 Athenien-

256 2292 362 2333 sium
408 2291 652 2343 opinionem
696 2290 857 2333 adfert.
922 2290 982 2334 Ut
1027 2294 1097 2334 est
1140 2290 1344 2344 diligens,
1390 2290 1472 2333 hoc
1514 2290 1612 2333 loco
1656 2289 1828 2343 librum,
1873 2299 1960 2342 quo

258 2362 507 2404 Hecataeus
555 2362 817 2404 sententiam
863 2373 986 2404 suam
1030 2361 1195 2404 litteris
1238 2361 1482 2415 mandavit,
1531 2373 1623 2404 cum
1671 2363 1766 2413 τοὺς
1810 2361 1962 2417 λόγους

258 2434 376 2483 (licit,
419 2439 575 2475 notare
618 2445 704 2475 non
745 2434 923 2475 omittit.
987 2432 1095 2475 Inde
1135 2433 1294 2475 librum
1331 2432 1548 2476 Hecataei
1590 2432 1722 2475 titulo
1764 2432 1960 2475 caruisse

258 2504 466 2557 colligere
505 2503 623 2547 licet.
686 2505 837 2557 Neque
881 2505 994 2547 enim
1024 2504 1299 2547 Herodotum
1336 2504 1439 2547 libri
1472 2503 1661 2557 titulum,
1705 2504 1745 2546 si
1788 2503 1959 2555 scisset,

258 2575 433 2617 silentio
478 2575 888 2628 praetermissurum
937 2575 1072 2619 fuisse
1117 2574 1356 2619 verisimile
1397 2579 1479 2619 est.
1552 2575 1662 2618 Nam
1706 2574 1808 2618 aliis
1851 2574 1960 2619 locis

259 2646 437 2688 Iliadem
483 2647 722 2700 Odyssean]
763 2647 928 2701 Cypria
966 2646 1195 2701 Epigonos
1233 2646 1474 2701 Phrynichi
1517 2645 1710 2690 fabulam
1755 2646 1960 2704 (Μιλήυου

259 2717 428 2772 ἅλωσιν)
460 2723 667 2761 accurate
700 2718 923 2772 significat
955 2718 1017 2770 (II
1054 2720 1149 2771 116,
1182 2718 1245 2760 IV
1277 2719 1345 2771 29,
1380 2718 1423 2761 11
1461 2719 1556 2772 117,
1591 2717 1653 2760 IV
1679 2719 1749 2772 32,
1783 2717 1846 2761 VI
1867 2717 1958 2772 21).

260 2787 415 2840 Itaque
448 2794 681 2832 contentus
714 2795 783 2833 est
815 2790 1029 2833 Hecataei
1064 2790 1221 2833 librum
1262 2789 1398 2833 verbo
1430 2791 1546 2846 λόγοι
1580 2802 1696 2843 usus,
1737 2801 1824 2843 quo
1855 2787 1960 2833 libri

259 2859 374 2901 ratio
407 2860 692 2914 significetur,
727 2861 769 2903 in
803 2860 1055 2904 universum
1087 2865 1258 2904 notare,

377 2954 496 2996 Haec
524 2957 577 2998 de
601 2957 769 2999 duobus
793 2956 913 3008 locis,
944 2956 1102 3010 quibus
1124 2956 1379 2999 Herodotus
1402 2956 1675 3000 Hecataeum
1702 2955 1959 3000 nominatim
