2080 3424
1001 313 1056 354 22

192 456 271 499 160
288 455 319 498 C
353 456 563 498 occurrit:
603 457 673 498 καὶ
709 454 793 510 ἐγὼ
830 457 970 510 κριτὴς
1008 456 1117 496 κατὰ
1153 454 1223 496 τὸν
1254 452 1535 510 Πρωταγόραν
1564 457 1648 496 τῶν
1678 467 1724 496 τε
1754 453 1885 500 ὄντων

184 529 287 584 ἐμοί,
320 528 374 578 ὡς
406 528 504 579 ἔστι,
539 529 610 570 καί
641 533 723 569 τῶν
756 528 810 582 μὴ
843 527 985 580 ὄντων,
1030 525 1085 576 ὡς
1125 525 1203 567 οὐκ
1245 525 1366 567 ἔστιν.
1428 524 1578 576 Atque
1620 526 1671 566 ut
1710 523 1782 566 hic
1816 522 1886 566 ita

130 641 132 643 ,
184 599 316 647 etiam
341 599 425 641 170
442 598 480 640 D
504 598 642 641 verba
665 599 918 640 structurae
941 596 1177 639 verborum
1198 594 1528 638 Platonicorum
1552 594 1885 638 accommodata

184 670 380 724 legimus.

324 740 532 783 Auctoris
578 740 751 782 laudati
799 739 938 782 verba
985 751 1115 792 quam
1167 738 1500 782 accuratissime
1546 741 1703 781 tenens
1748 736 1884 780 Plato

184 813 316 856 etiam
348 812 452 854 illud
484 813 784 865 Anaxagorae
814 810 980 853 Phaed.
1005 811 1110 854 720
1141 810 1317 853 laudat:
1350 813 1430 854 κᾶν
1461 812 1497 853 εἰ
1524 809 1778 867 ξυγκρίνοιτο
1810 810 1884 867 μὲν

183 885 329 939 πάντα,
374 882 617 939 διακρίνοιτο
661 884 706 926 δὲ
750 883 818 939 μή,
862 885 969 940 ταχὺ
1000 884 1050 926 ἂν
1081 884 1128 925 τὸ
1164 889 1238 926 τοῦ
1268 879 1550 938 Ἀναξαγόρου
1592 882 1763 938 γεγονὸς
1805 882 1882 941 εἴη,

183 955 284 1012 ὁμοῦ
330 956 463 998 πάντα
509 955 712 1012 χρήματα.
774 955 840 996 Ac
886 965 941 996 ne
987 953 1058 996 hic
1102 954 1275 1007 quidem
1318 953 1450 996 Plato
1502 952 1701 996 auctoris
1741 951 1884 995 verba

185 1027 450 1070 verbotenus
473 1026 724 1069 exscribere
747 1025 857 1078 vult,
890 1037 991 1068 nam
1023 1026 1126 1083 ὁμοῦ
1157 1026 1293 1070 πάντα
1323 1026 1528 1083 χρήματα,
1561 1024 1647 1068 etsi
1679 1024 1883 1067 oratione

183 1103 306 1141 recta
351 1097 576 1150 exscripta
623 1100 739 1150 sunt,
787 1101 950 1151 tamen,
999 1097 1213 1150 siquidem
1261 1096 1487 1150 Simplicio
1535 1096 1681 1150 (phys.
1723 1094 1883 1149 155‚23

183 1168 237 1211 cf.
261 1169 397 1222 Diels,
428 1182 467 1221 p.
491 1169 594 1223 326)
632 1168 759 1211 fidem
798 1168 963 1211 habere
1001 1168 1119 1222 licet,
1159 1169 1463 1212 tantummodo
1502 1180 1608 1221 pars
1646 1166 1884 1211 verborum

183 1241 478 1294 Anaxagorae
510 1244 625 1283 sunt.

322 1311 446 1354 Haec
488 1311 687 1365 exempla
731 1312 966 1354 verborum
1009 1311 1230 1354 Heracliti
1269 1312 1552 1366 Protagorae
1583 1311 1883 1364 Anaxagorae

182 1395 208 1425 a
239 1383 427 1425 Platone
459 1383 751 1435 laudatorum,
785 1395 914 1436 quam
948 1383 1072 1426 varie
1103 1384 1244 1426 verba
1276 1383 1424 1426 soluta
1457 1381 1674 1425 adtulerit
1706 1382 1881 1425 docent.

184 1456 272 1497 Aut
305 1454 416 1497 enim
449 1455 603 1508 verba,
637 1467 750 1507 quae
782 1455 952 1508 scripta
985 1460 1088 1498 sunt
1119 1455 1230 1508 ipsa,
1265 1466 1528 1508 quamquam
1565 1465 1720 1507 parum
1752 1452 1884 1507 plena

182 1525 394 1568 exscribit
420 1530 499 1567 aut
521 1525 723 1568 oratione
746 1525 926 1579 obliqua
949 1538 1078 1579 quam
1100 1525 1434 1568 accuratissime
1456 1528 1684 1568 auctorem
1705 1527 1883 1568 secutus

184 1598 327 1640 reddit
363 1601 440 1639 aut
487 1597 627 1640 verba
673 1598 887 1650 quaedam
920 1597 1089 1640 omittit
1120 1601 1199 1640 aut
1231 1599 1482 1640 commutat.
1546 1597 1791 1640 Praeterea
1829 1607 1883 1639 ea

182 1669 413 1711 enuntiata
450 1681 476 1710 a
507 1668 696 1712 Platone
740 1669 937 1723 laudata,
984 1682 1097 1723 quae
1141 1669 1322 1723 propius
1366 1670 1422 1712 ad
1468 1669 1609 1713 verba
1652 1670 1883 1711 auctorum

182 1741 278 1793 ipsa
310 1741 536 1793 accedunt,
556 1741 815 1784 brevissime
847 1745 982 1794 atque
1015 1742 1368 1794 praeclarissime
1401 1742 1523 1784 dicta
1549 1752 1648 1783 esse
1670 1739 1881 1783 videmus.

183 1813 245 1854 Ac
277 1823 330 1854 ne
362 1823 414 1854 ea
437 1813 610 1864 quidem
634 1812 794 1865 ubique
817 1813 948 1866 plena
969 1812 1236 1856 referuntur.
1301 1814 1399 1869 Qua
1422 1814 1475 1856 de
1497 1825 1546 1856 re
1569 1811 1747 1865 saepius
1769 1809 1883 1853 satis

182 1882 277 1935 fuit,
325 1883 434 1925 talia
482 1895 567 1926 non
612 1888 702 1926 tam
747 1885 998 1927 exscribere
1042 1897 1172 1938 quam
1214 1884 1480 1938 significare,
1527 1883 1652 1927 velut
1696 1882 1881 1925 Theaet.

187 1953 317 1997 1620
349 1955 551 2007 legimus:
588 1957 616 2012 ἢ
665 1955 788 2012 ἧττόν
831 1972 869 1999 τι
912 1959 986 2000 οἴει
1021 1959 1069 2000 τὸ
1106 1957 1420 2014 Πρωταγόρειον
1459 1956 1606 2012 μέτρον
1650 1956 1707 2007 εἰς
1753 1955 1881 2005 θεοὺς

180 2028 207 2082 ἢ
238 2027 292 2077 εἰς
336 2026 583 2082 ἀνθρώπους
625 2028 849 2083 λέγεσθ·αι;
886 2027 1027 2071 Simili
1062 2029 1191 2071 modo
1224 2027 1363 2082 Gorg.
1386 2029 1472 2070 465
1491 2026 1532 2069 D
1564 2025 1736 2069 initium
1776 2023 1882 2068 libri

182 2099 477 2151 Anaxagorae
510 2110 645 2151 supra
677 2102 1059 2142 commemoratum
1092 2098 1383 2154 significatur.
1447 2099 1538 2141 Nec
1570 2097 1709 2141 multo
1747 2095 1883 2139 aliter

181 2168 308 2211 Plato
341 2168 407 2212 De
440 2181 529 2222 rep.
560 2168 620 2211 VI
642 2171 728 2212 498
750 2172 782 2212 A
818 2170 926 2213 illud
958 2170 1179 2214 Heracliti
1211 2171 1300 2223 νὲος
1330 2169 1396 2227 ἐφ’
1426 2171 1556 2228 ἡμέρῃ
1587 2171 1703 2227 ἥλιος
1733 2167 1879 2223 (Byw.

182 2239 210 2281 f.
233 2240 302 2293 32,
346 2240 481 2293 Diels,
506 2253 545 2293 p.
569 2240 705 2297 67,6)
737 2242 917 2285 disertis
963 2242 1113 2285 verbis
1157 2242 1410 2285 exscribere
1454 2241 1735 2294 supersedet:
1779 2241 1881 2297 πρὸς

181 2312 223 2354 δὲ
254 2311 301 2353 τὸ
332 2319 460 2368 γῆρας
490 2313 609 2364 ἐκτὸς
640 2314 690 2370 δή
722 2329 842 2357 τινων
873 2315 1036 2371 ὀλίγων,
1079 2315 1400 2371 ἀποσβέννυνται
1438 2314 1572 2357 πολλὺ
1609 2312 1767 2369 μᾶλλον
1805 2318 1881 2354 τοῦ

181 2379 484 2437 Ἡρακλειτείου
515 2383 646 2440 ἡλίου,
678 2386 774 2429 ὅσον
805 2384 927 2437 αὖθις
959 2387 1037 2429 οὐκ
1067 2386 1322 2439 ἐξάπτονται.

299 2452 420 2496 Haec
452 2454 680 2498 adserendi
722 2457 860 2499 verba
901 2458 1186 2511 consuetudo,
1230 2468 1318 2510 qua
1357 2456 1607 2511 elegantior
1647 2459 1783 2508 atque
1823 2453 1880 2495 ad

183 2524 424 2567 orationem
458 2525 670 2569 urbanam
703 2529 851 2580 aptior
884 2529 959 2571 vix
991 2527 1183 2571 inveniri
1214 2532 1378 2582 potest,
1410 2527 1512 2581 fert,
1547 2531 1597 2570 ut
1622 2525 1755 2569 Plato
1787 2536 1883 2567 sen·

183 2595 345 2636 tentias
384 2603 609 2639 auctorum
650 2598 930 2642 laudatorum
969 2611 1102 2653 saepe
1139 2599 1271 2653 longe
1313 2598 1414 2642 aliis
1452 2598 1602 2642 verbis
1633 2601 1770 2650 atque
1801 2597 1879 2648 eis,

183 2676 293 2717 quae
325 2666 408 2719 ipsi
441 2667 726 2722 scripserunt,
761 2682 864 2712 usus
898 2670 1083 2724 profert,
1115 2671 1160 2713 id
1194 2672 1310 2724 quod
1343 2683 1429 2714 non
1452 2670 1591 2714 solum
1613 2681 1637 2712 e
1658 2666 1881 2712 nonnullis

183 2735 287 2777 locis
324 2738 465 2780 adhuc
504 2741 725 2794 tractatis,
770 2743 846 2783 sed
885 2743 1018 2785 etiam
1057 2754 1081 2785 e
1119 2743 1239 2786 Crat.
1271 2742 1409 2785 412D
1456 2742 1666 2795 cognosci
1714 2743 1878 2794 potest,

183 2806 254 2848 ubi
288 2806 470 2859 legimus
509 2812 595 2854 ὅσοι
632 2815 711 2869 γὰρ
746 2814 942 2869 ἡγοῦνται
978 2816 1026 2857 τὸ
1062 2821 1144 2858 πᾶν
1181 2813 1282 2857 εἶναι
1321 2815 1364 2858 ἐν
1401 2814 1559 2871 πορείᾳ,
1592 2824 1706 2866 quae
1738 2811 1879 2856 verba

184 2877 274 2929 ipse
308 2878 572 2934 HeraclituS,
605 2884 661 2925 ad
696 2896 821 2936 quem
854 2884 1084 2927 Platonem
1117 2889 1321 2938 spectare
1353 2897 1478 2928 nemo
1510 2898 1596 2928 non
1621 2883 1758 2938 videt,
1790 2894 1879 2927 non

185 2949 358 2991 videtur
396 2952 570 2996 dixisse.
634 2954 763 2997 Plato
803 2956 942 3009 igitur
979 2956 1023 2998 id
1061 2957 1172 3011 agit,
1213 2962 1258 2999 ut
1292 2961 1521 3000 auctorum
1554 2961 1599 3001 et
1631 2953 1880 2999 sententias
