2080 3424
1084 268 1141 309 42

259 416 371 463 rent,
414 412 518 464 quia
559 422 707 453 omnes
746 413 946 452 veterum
984 409 1090 452 libri
1128 410 1331 452 oratione
1372 410 1519 453 soluta
1557 408 1760 463 confecti,
1799 410 1876 464 qui
1912 411 1971 453 ad

258 487 455 525 nostram
504 486 699 525 aetatem
744 484 1058 534 pervenerunt,
1103 481 1364 524 Aristotelis
1413 482 1605 535 scriptis,
1651 480 1810 535 quibu‘s
1854 481 1969 524 artis

259 558 498 606 praecepta
531 553 828 606 persequitur,
862 551 1075 605 exceptis,
1110 555 1156 595 et
1178 551 1353 595 ratione
1385 564 1438 595 ac
1470 551 1705 606 disciplina
1736 557 1889 596 carent
1923 556 1971 596 et

259 624 500 667 artificiose
540 637 593 666 ac
631 624 909 677 populariter
948 625 1104 677 scripti
1143 629 1259 667 sunt.
1322 624 1433 667 Nam
1476 623 1648 667 etiamsi
1681 623 1849 679 dialogi
1880 624 1972 678 qui-

259 699 357 739 dam
395 696 597 739 Platonis
636 695 768 749 seniS,
809 695 934 738 velut
972 695 1196 750 Philebus,
1235 696 1522 740 Parmenides
1561 696 1652 749 alii,
1689 696 1774 739 hoc
1805 698 1970 739 cetero-

259 781 352 811 rum
401 769 666 821 scriptorum
715 767 871 809 habitu
921 769 1240 820 quodammodo
1289 772 1457 821 carent,
1503 780 1591 811 non
1632 771 1781 811 tamen
1826 772 1970 811 totum

261 853 356 883 eum
389 841 598 893 perdunt.
662 838 831 893 Quodsi
863 839 1004 893 igitur
1035 841 1278 893 scriptores
1309 839 1376 882 ita
1419 840 1616 883 scribere
1659 839 1878 893 solebant,
1921 842 1974 881 ut

258 911 427 965 scripta
458 911 650 954 libenter
674 910 947 964 legerentur,
981 923 1061 953 sua
1083 915 1241 964 sponte
1264 924 1443 965 operam
1466 913 1697 965 dederunt,
1731 914 1782 953 ut
1811 911 1969 964 omnia,

260 995 372 1036 quae
395 982 610 1025 scientiae
634 985 679 1024 et
702 982 1101 1036 pervestigationis
1124 987 1240 1037 sunt,
1270 984 1530 1026 omitterent
1561 995 1703 1036 neque
1734 982 1868 1026 rebus
1897 982 1971 1025 mi-

259 1054 457 1107 noribus,
497 1054 621 1097 velut
653 1058 881 1096 auctorum
905 1054 1189 1098 laudatorum
1210 1055 1457 1098 nominibus
1489 1060 1568 1098 aut
1599 1055 1739 1108 libris,
1773 1066 1972 1108 praeser-

258 1126 335 1168 tim
384 1139 477 1168 cum
527 1126 744 1168 interesse
789 1126 956 1168 soleret
1000 1138 1149 1169 eorum
1181 1127 1428 1170 sententias
1461 1126 1651 1180 adferre,
1686 1127 1775 1170 vim
1806 1126 1969 1170 tribue-

258 1203 371 1251 rent,
405 1209 547 1250 neque
580 1200 787 1240 auctores
820 1197 1134 1251 nobilissimos,
1167 1198 1292 1241 velut
1323 1198 1560 1242 Homerum
1589 1202 1636 1242 et
1666 1198 1780 1242 alios
1812 1202 1970 1252 poetas

258 1281 492 1322 eorumque
525 1270 722 1311 carmina
754 1270 882 1312 nimis
914 1269 1007 1312 late
1030 1271 1244 1324 dicerent,
1277 1272 1355 1313 sed
1387 1283 1475 1324 eos,
1510 1271 1585 1324 qui
1616 1270 1787 1325 legunt,
1819 1281 1971 1313 eorum

258 1340 697 1384 commonefacerent.
763 1341 914 1394 Neque
963 1343 1076 1384 enim
1118 1343 1248 1386 modo
1287 1343 1545 1386 auctoribus
1586 1343 1694 1396 ipsis
1725 1343 1805 1385 sed
1836 1341 1970 1384 etiam

258 1412 334 1466 eis,
391 1413 465 1465 qui
502 1413 671 1468 legunt,
710 1413 845 1455 nimia
883 1414 928 1456 in
968 1413 1097 1456 libris
1139 1415 1195 1456 ad
1228 1426 1403 1457 sensum
1435 1414 1692 1468 popularem
1723 1413 1969 1468 vulgarem·

258 1496 341 1536 que
373 1485 717 1527 accommodatis
750 1485 985 1539 diligentia
1018 1487 1174 1539 gravis
1207 1489 1290 1528 est.
1390 1508 1401 1539 φ

375 1556 527 1609 Neque
566 1568 672 1599 vero
711 1556 795 1599 hac
828 1561 1028 1600 veterum
1069 1557 1336 1611 scriptorum
1369 1556 1640 1600 Graecorum
1672 1556 1848 1601 ratione
1878 1557 1970 1600 lau·

258 1627 392 1670 dandi
415 1627 668 1681 explanata,
704 1640 817 1681 quae
840 1630 986 1682 specie
1008 1641 1094 1672 non
1127 1641 1176 1672 re
1208 1628 1307 1683 ipsa
1339 1628 1495 1672 similis
1528 1633 1597 1672 est
1629 1628 1684 1684 ei,
1717 1640 1804 1682 qua
1835 1629 1968 1672 etiam

258 1699 408 1741 horum
456 1703 702 1752 temporum
749 1705 993 1753 scriptores
1041 1702 1085 1743 in
1141 1701 1269 1743 libris
1316 1700 1592 1754 populariter
1638 1699 1970 1768 conscriPendis

259 1774 454 1824 utuntur,
499 1770 586 1813 iam
632 1772 689 1813 ad
732 1771 860 1814 finem
906 1772 1032 1815 huius
1076 1772 1351 1826 quaestionis
1394 1773 1686 1826 pervenimus.
1749 1771 1842 1815 Iam
1879 1771 1971 1814 alia

258 1847 360 1884 sunt
414 1843 748 1896 consideranda,
810 1856 922 1896 quae
982 1845 1248 1897 scriptorum
1310 1843 1619 1887 nonnullorum
1679 1856 1768 1887 non
1828 1843 1971 1886 minus

258 1913 439 1966 propria
491 1917 595 1956 sunt
652 1926 781 1967 quam
835 1915 1023 1958 omnium
1076 1917 1195 1958 ratio
1248 1916 1392 1958 adhuc
1444 1919 1659 1958 tractata.
1743 1914 1868 1970 Quae
1919 1919 1971 1958 ut

259 1985 410 2027 melius
456 1984 782 2040 intellegamus,
831 1987 1075 2040 scriptores
1119 1986 1317 2030 Graecos
1363 1988 1626 2040 praesertim
1671 1991 1876 2030 oratores
1923 1989 1970 2029 et

258 2057 475 2111 rhetores,
499 2059 574 2110 qui
596 2058 772 2101 saeculo
795 2070 835 2101 a.
860 2059 960 2101 Chr.
984 2071 1025 2101 n.
1050 2059 1087 2101 V
1112 2063 1158 2102 et
1180 2059 1242 2102 IV
1268 2058 1461 2112 fuerunt,
1485 2059 1617 2102 rebus
1638 2058 1755 2102 fictis
1783 2059 1969 2101 maxime

259 2129 506 2172 delectatos
551 2142 647 2172 esse
690 2132 951 2174 monendum
995 2135 1077 2174 est.
1141 2131 1206 2174 Ne
1250 2131 1410 2185 longus
1454 2131 1547 2183 sim,
1594 2130 1804 2184 plurimas
1843 2130 1968 2173 Anti-

260 2199 437 2252 phontis
471 2202 697 2244 orationes
731 2203 784 2244 de
807 2203 951 2245 causis
983 2202 1100 2245 fictis
1133 2203 1327 2256 scriptas
1357 2214 1453 2245 esse
1487 2213 1786 2245 commemoro.
1849 2201 1970 2244 Alte-

259 2271 349 2313 rius
392 2271 511 2314 modi
555 2277 659 2315 sunt
701 2273 918 2316 Isocratis
963 2273 1190 2317 orationes
1234 2274 1378 2322 fictae,
1425 2285 1538 2327 quae
1582 2274 1639 2316 ad
1683 2283 1841 2316 causas
1882 2285 1970 2316 non

260 2343 499 2395 pertinent.
563 2343 659 2398 Quo
705 2357 759 2388 ex
801 2357 980 2388 numero
1028 2345 1262 2389 nonnullas
1307 2345 1494 2399 exempli
1538 2345 1689 2399 gratia
1732 2343 1968 2398 proferam.

259 2414 366 2456 Eam
402 2416 661 2469 orationem,
696 2428 807 2468 quae
829 2417 1038 2474 Νικοκλῆς
1070 2416 1342 2470 inscribitur,
1366 2415 1582 2470 Nicocles,
1617 2427 1879 2469 quamquam
1910 2416 1968 2459 ab

260 2486 459 2529 isocrate
492 2486 676 2539 loquens
709 2487 947 2542 inducitur,
992 2500 1079 2530 non
1112 2488 1282 2530 habuit.
1343 2488 1410 2530 Ac
1439 2499 1494 2530 ne
1525 2486 1763 2539 Πλαταιικὸς
1795 2487 1969 2541 quidem

259 2558 302 2599 in
341 2557 672 2600 Atheniensium
719 2558 924 2602 contione
969 2560 1148 2603 habitus
1187 2563 1269 2611 est,
1314 2560 1442 2602 immo
1481 2563 1705 2612 tamquam
1743 2558 1968 2602 Thebanis

260 2630 376 2681 apud
388 2629 682 2672 Athenienses
695 2630 905 2673 dicendus
916 2630 1047 2674 fictus
1065 2635 1147 2674 est.
1176 2630 1420 2674 Praeterea
1433 2631 1656 2673 Isocrates
1667 2630 1968 2684 sophistarum

186 2705 197 2715 ⁴
260 2701 385 2742 modo
415 2700 567 2743 laudes
590 2701 787 2744 Helenae
816 2707 862 2745 et
884 2702 1103 2745 Busiridis
1125 2701 1270 2755 finxit,
1295 2714 1408 2755 quae
1430 2701 1679 2745 fabularum
1701 2708 1968 2757 argumenta

260 2770 337 2812 alii
385 2784 557 2825 quoque
604 2772 777 2815 illorum
825 2779 1068 2827 temporum
1116 2773 1318 2816 rhetores
1366 2774 1618 2828 agitabant.
1689 2774 1812 2818 Inter
1857 2785 1968 2828 quos

260 2842 592 2898 Polycrates,
634 2849 683 2887 ut
724 2849 825 2887 erat
863 2845 1087 2900 sophista,
1128 2857 1215 2888 non
1256 2846 1384 2888 modo
1418 2846 1471 2888 de
1503 2844 1752 2889 fabularum
1782 2843 1968 2888 homini-

261 2914 340 2955 bus
374 2916 614 2957 notissimis
647 2916 874 2959 orationes
907 2917 1165 2969 composuit,
1200 2917 1276 2959 sed
1309 2917 1442 2959 etiam
1475 2918 1801 2961 accusationem
1834 2926 1989 2971 quan-·
