2080 3424
935 333 991 377 53

254 468 435 515 ratione
456 483 698 525 possumus.
739 473 836 518 Hoc
857 479 1030 520 tantum
1050 477 1137 520 dici
1159 482 1322 532 potest,
1343 489 1430 523 non
1451 489 1549 524 esee
1570 480 1808 525 verisimile

189 542 193 544 ’
355 541 650 597 disputantes,
690 556 785 589 cum
823 544 951 590 Plato
988 559 1042 591 ne
1079 559 1219 602 pauca
1263 547 1440 603 quidem
1475 549 1674 594 dieentes
1711 551 1805 595 suis

189 661 196 668 ἐ
362 613 513 657 verbis
572 620 748 660 utentes
804 616 956 668 faciat,
1013 619 1261 664 sententias
1316 631 1422 664 suas
1478 619 1607 675 plura
1666 620 1806 666 verba

199 747 202 749 Α
256 685 330 728 tes
358 684 632 730 verbotenus
679 687 869 732 adferre.
931 689 1026 733 Hoc
1068 702 1155 734 non
1186 690 1325 735 solum
1367 702 1526 744 sermo.
1557 692 1635 736 sed
1670 693 1805 737 etiam

208 765 481 811 nexusque
517 759 836 803 sententiarum
868 765 914 804 et
944 765 1172 806 auctorum
1203 762 1395 817 ipsorum
1433 766 1479 806 et
1509 761 1678 818 dialogi
1707 762 1824 808 Pla--

167 886 170 887 ⁷
295 827 421 872 euius
449 830 770 873 sententiarum
810 832 954 875 ordini
993 831 1065 876 ille
1096 833 1488 877 accommodandus
1517 838 1631 887 erat,
1664 834 1806 889 prohi-

92 891 224 949 ω.
283 897 444 954 [talne
486 899 620 944 Plato
670 907 899 946 auctorum
942 915 1053 957 quos
1103 910 1150 947 ut
1200 903 1352 949 laudet
1394 904 1571 949 uberius
1606 905 1804 950 dicentes

94 958 235 1025 Μ,
263 970 455 1027 singulis
491 973 665 1026 quidem
708 974 859 1018 verbis
898 980 943 1018 et
980 975 1226 1027 sententiis,
1259 981 1470 1031 quantum
1512 975 1608 1021 fleri
1644 977 1802 1031 potuit..

124 1095 127 1098 ,
233 1052 348 1098 nse,
376 1046 516 1098 atque
547 1045 679 1088 etiam
717 1046 889 1090 dicendi
924 1058 1075 1101 genus,
1119 1048 1380 1101 praesertim
1414 1048 1471 1091 ad
1507 1047 1804 1103 Protagoran

105 1108 378 1159 bandum
397 1114 473 1170 (cf.
505 1114 633 1171 Frei)
664 1116 864 1160 imitatus
896 1129 991 1161 esse
1014 1118 1214 1170 videtur;
1246 1119 1323 1162 sed
1345 1119 1664 1163 sententiarum
1694 1119 1804 1163 ordo

108 1186 170 1229 d*
187 1186 451 1241 eonpositio
485 1188 732 1241 verborum,
765 1189 850 1232 nisi
879 1188 1026 1241 fallor,
1057 1190 1150 1233 eius
1181 1190 1318 1245 ipsius
1347 1195 1462 1234 sunt.

17 1315 25 1323 „
52 1316 55 1319 ἱ
207 1254 351 1303 'Haec
381 1259 527 1303 omnia
557 1260 686 1303 nobis
717 1261 772 1304 de
803 1260 977 1305 ratione
1004 1266 1209 1305 auctores
1241 1261 1449 1305 laudandi
1474 1260 1804 1315 disputantibus

106 1329 353 1387 macla
388 1342 486 1375 esse
522 1331 624 1375 inde
654 1337 856 1387 apparet,
894 1333 1011 1386 quod
1042 1333 1290 1375 sententiae
1326 1332 1384 1375 ab
1420 1331 1677 1376 auctoribus
1708 1342 1804 1387 pro-

105 1396 231 1447 ‚hbe
265 1411 431 1455 eorum,
475 1402 550 1457 qui
588 1415 684 1446 cum
721 1402 809 1446 illis
846 1403 1169 1458 colloquuntur,
1213 1402 1362 1447 verbis
1404 1402 1656 1447 contrariae
1685 1407 1802 1455 sunt,

107 1479 200 1527 ⁴1⁸⁰
238 1473 370 1518 modo
412 1473 547 1518 Plato
591 1486 668 1518 eas
711 1475 796 1518 sibi
838 1474 932 1529 ipse
988 1487 1073 1519 non
1121 1475 1332 1518 vindicat.
1393 1474 1662 1531 Quicumque
1692 1474 1804 1518 euim

15 1549 66 1608 ἐ’,ᾗςρ
105 1539 158 1589 h
196 1543 293 1589 eins
338 1544 533 1601 dialogis
578 1546 865 1598 collocuntur,
913 1558 1060 1590 eorum
1105 1557 1209 1589 suas
1256 1546 1440 1600 quisque
1491 1551 1641 1599 partes
1690 1544 1802 1599 agit,

75 1630 78 1631 ⁷
107 1617 373 1671 praesertum
404 1617 444 1662 si
475 1617 685 1662 Socrates
716 1630 811 1661 cum
842 1619 906 1661 eis
939 1618 1149 1671 disputat,
1183 1618 1257 1671 qui
1287 1628 1342 1659 ex
1373 1616 1523 1670 aliqua
1557 1621 1684 1670 parte
1717 1627 1801 1667 res,

107 1697 225 1743 ςῦῦε
253 1687 342 1743 ἱρή
371 1688 662 1743 scripserunt,
695 1688 938 1743 proferunt.
1001 1687 1115 1743 Qum
1162 1687 1273 1731 enim
1306 1687 1482 1731 Socrati
1514 1686 1638 1731 verbi
1669 1697 1804 1730 causa

9 1755 38 1818 ,Ξ
108 1768 208 1804 m
242 1757 357 1805 Polo
391 1764 472 1804 ant
510 1760 683 1816 Gorgia
714 1759 982 1814 colloquenti
1013 1759 1143 1802 Plato
1185 1758 1342 1807 subsit.
1375 1770 1461 1802 non
1507 1757 1682 1801 dubium
1733 1763 1804 1802 est

63 1854 71 1859 -
108 1827 305 1883 (Gereke
365 1844 407 1887 p.
439 1831 627 1887 XXVI),
660 1832 736 1875 sed
759 1830 970 1886 Gorgiam
1002 1830 1152 1885 aliqua
1182 1843 1235 1873 ex
1269 1835 1397 1883 parte
1428 1841 1531 1871 suas
1557 1829 1803 1872 sententias

108 1901 261 1949 dioro
291 1903 492 1948 vidimus,
554 1904 679 1960 Quae
711 1909 896 1957 uterque
931 1909 1009 1945 aut
1056 1901 1164 1945 dicit
1201 1908 1278 1944 aut
1324 1900 1432 1952 vult,
1466 1912 1520 1944 ea
1554 1907 1676 1943 certe
1713 1905 1801 1942 tam

109 1972 293 2020 uim
311 1981 430 2029 sunt,
465 1980 513 2019 ut
534 1975 758 2027 Socrates,
790 1975 875 2018 etsi
906 1974 995 2017 alia
1030 1972 1197 2027 profert
1230 1977 1365 2026 atque
1403 1983 1515 2025 quae
1547 1970 1678 2014 Plato
1710 1970 1803 2024 ipse

110 2045 406 2103 aeogluvit,
438 2059 525 2091 uon
570 2051 717 2091 tamen
762 2046 926 2101 placita
958 2044 1184 2099 Gorgiana
1229 2043 1440 2097 proferat.
1505 2042 1659 2095 Itaque
1696 2040 1803 2084 haec

9 2111 29 2155 (Τ
109 2116 317 2164 Platonis
361 2118 482 2163 ratio
528 2118 737 2163 laudandi
783 2130 870 2162 non
916 2130 963 2160 re
1011 2118 1117 2171 ipsa,
1151 2116 1227 2159 sed
1265 2113 1410 2169 specie
1447 2113 1728 2167 (praesertim
1764 2112 1803 2155 si

12 2205 27 2245 χ
109 2193 320 2236 auctores
349 2190 409 2234 ab
440 2190 519 2243 eis,
552 2190 807 2245 quibuscum
839 2188 1081 2243 disputant,
1115 2184 1383 2239 interrogati
1427 2183 1595 2238 aliquid
1632 2184 1686 2227 <le
1723 2194 1803 2226 suo

22 2302 24 2304 ,
110 2259 284 2316 ficunt)
313 2261 373 2306 ab
404 2262 575 2306 usitato
606 2262 734 2305 modo
765 2260 972 2304 laudandi
1003 2258 1162 2302 differt.
1225 2256 1352 2312 Quod
1392 2254 1600 2300 Socrates
1631 2264 1804 2308 quoque

19 2344 23 2387 ῥ’
110 2331 160 2377 in
187 2331 482 2389 Euthyclem,
516 2339 565 2378 ut
601 2344 737 2388 supra
768 2336 1146 2376 commemoratum
1182 2334 1266 2381 est,
1303 2326 1611 2371 Antisthenica
1641 2323 1803 2377 adfert,

111 2414 203 2450 ῦοῦ
222 2416 320 2450 eum
340 2405 554 2460 sophistis
576 2405 698 2459 ipsis,
736 2404 812 2446 sed
845 2414 939 2446 cum
971 2400 1113 2445 Clinia
1144 2399 1397 2453 colloquens
1429 2397 1596 2440 laudat.
1657 2397 1803 2450 Atque

112 2475 221 2531 qnia
248 2474 447 2521 deflectit
479 2476 635 2520 adlata
665 2476 722 2519 ad
763 2486 884 2518 suam
916 2473 1178 2516 sententiam
1210 2469 1526 2524 explicandam,
1558 2467 1621 2517 fit,
1655 2471 1704 2509 ut
1734 2476 1802 2516 ea,

25 2571 27 2574 ·
113 2558 230 2604 quae
258 2547 490 2603 sophistae
522 2553 567 2592 et
589 2548 797 2591 Socrates
820 2544 1061 2600 proferunt,
1097 2541 1224 2585 valde
1247 2541 1363 2584 inter
1393 2552 1441 2583 se
1462 2539 1641 2582 diversa
1671 2547 1803 2592 appa·

19 2642 23 2670 τ,
113 2624 259 2664 reant-
311 2619 516 2664 Ceterum
539 2631 643 2663 raro
666 2619 758 2673 ipse
779 2616 987 2660 Socrates
1010 2613 1161 2669 pennis
1182 2611 1339 2656 alienis
1361 2622 1408 2654 se
1432 2610 1607 2653 videtur
1628 2618 1801 2658 ornare,

114 2689 371 2746 plerumque
394 2692 488 2735 eius
509 2689 758 2734 adversarii
790 2694 868 2731 aut
899 2686 1082 2730 aliorum
1105 2684 1320 2727 hominum
1343 2683 1570 2725 doctorum
1592 2685 1668 2723 aut
1699 2689 1804 2723 suas

23 2790 26 2791 ν
113 2761 201 2818 ipsi
220 2763 470 2808 sententias
503 2761 712 2805 adferunt
745 2771 884 2814 neque
917 2757 1028 2800 satis
1065 2754 1300 2799 defendere
1333 2758 1528 2807 possunt.
1581 2749 1674 2793 Hoc
1696 2761 1802 2793 vero

114 2845 329 2890 nusquam
376 2833 529 2879 melius
575 2831 870 2886 intellegimus
916 2839 1043 2882 quam
1090 2825 1227 2880 Gorg.
1266 2824 1353 2867 448
1382 2822 1429 2872 C,
1477 2821 1550 2865 ubi
1596 2824 1803 2865 Socrates

40 2944 44 2947 ,
114 2905 284 2960 Polum,
318 2911 552 2962 postquam
573 2916 600 2947 a
621 2901 957 2956 Chaerephonte
987 2901 1289 2951 iuterrogatus
1313 2894 1449 2938 verba
1471 2903 1605 2947 supra
1625 2903 1802 2936 comme—

29 2983 40 3038 ᾗ
113 2981 291 3023 morata
329 2976 650 3033 pronuntiavit,
686 2974 851 3018 reicere
880 2971 1049 3024 incipit:
1085 2968 1236 3019 Καλῶς
1265 2980 1327 3022 γι,
1358 2964 1392 3008 ὡ
1426 2963 1588 3021 Pontia,
1620 2962 1803 3021 φαίνεται
