2080 3424
911 314 963 356 41

14 426 65 512 Jgfis
87 449 133 498 ni
155 449 227 496 ita
253 453 338 504 eet,
369 455 577 495 auctores
609 454 873 507 perstrictos
904 455 1195 510 reprehensos
1226 469 1324 502 esse
1354 470 1450 502 cum
1482 471 1562 504 nec
1592 461 1676 516 ipsi
1706 474 1787 507 nec

12 520 52 583 ἶζῖΐ
87 520 325 569 multitudo
360 522 671 577 comperirent,
709 526 936 571 nominare
967 526 1197 573 Heraclito
1235 541 1321 573 non
1354 530 1641 576 dubitandum
1672 538 1785 578 erat.

17 585 45 627 ³³
78 590 219 641 Hm
245 593 389 649 igitur
419 594 629 639 librorum
672 596 836 651 publici
872 598 983 642 iuris
1019 603 1066 643 et
1102 598 1319 645 factorum
1357 605 1404 645 et
1443 614 1529 647 non
1568 602 1785 649 factorum

13 659 396 726 {sffdivenitatem
427 667 750 721 cognoscimus:
784 669 828 712 in
856 669 925 712 his
957 670 1065 714 nihil
1094 675 1207 724 erat,
1241 673 1359 726 quod
1389 678 1596 719 auctores
1626 686 1785 730 aequa-

11 733 153 801 ;]3³{fpleu
180 739 454 791 tacerentur,
487 737 532 782 in
563 738 653 782 illis
684 751 771 783 non
803 742 1019 785 nominari
1044 742 1269 796 solebant;
1291 745 1559 800 eandemque
1586 745 1785 792 differen-

82 807 198 855 thu
223 807 278 863 is,
310 809 388 862 qui
417 808 678 853 Aristotelis
708 810 878 865 scripta
910 812 1268 867 perlustraverit,
1301 814 1362 858 ibi
1394 816 1599 870 reperiet.

82 897 85 900 ·
201 878 390 924 Accedit
418 879 553 924 aliud.
618 880 839 926 Laudatio
867 882 979 927 enim
1011 890 1224 929 accurata
1244 897 1331 930 non
1353 891 1423 931 est
1444 888 1530 932 nisi
1560 894 1606 932 et
1636 894 1783 934 aucto·

82 961 160 1003 tes
187 961 427 1006 eorumque
458 951 599 995 verba
630 952 869 997 laudantur
901 958 959 1007 et,
999 967 1023 999 e
1054 956 1213 1009 quibus
1244 956 1371 1001 libris
1402 970 1457 1002 ea
1487 958 1648 1003 hausta
1678 961 1782 1014 sint,

79 1019 300 1067 adfertur.
362 1021 451 1067 Sed
501 1024 548 1067 in
600 1023 667 1067 his
710 1025 919 1069 notandis
965 1027 1207 1080 scriptores
1253 1026 1451 1072 Graecos
1495 1030 1783 1085 neglegentia

0 1087 20 1142 3
83 1093 275 1148 quadem
305 1094 465 1138 ductos
495 1107 594 1139 esse
625 1096 974 1140 demonstratum
1006 1103 1090 1151 est,
1123 1110 1211 1152 qua
1241 1099 1295 1143 de
1327 1111 1375 1144 re
1407 1112 1548 1155 pauca
1579 1102 1783 1147 addenda

79 1167 202 1211 aunt.
263 1164 383 1211 'I'ota
413 1165 527 1210 enim
559 1168 677 1211 ratio
710 1173 917 1211 auctores
949 1170 1126 1212 tacendi
1157 1169 1259 1223 fert,
1293 1175 1338 1214 ut
1373 1177 1601 1216 auctorum
1633 1173 1778 1218 lauda·

0 1226 7 1274 ῗ
80 1240 230 1282 torum
273 1236 380 1282 libri
409 1237 666 1293 plerumque
712 1238 890 1283 silentio
938 1241 1368 1293 praetermittantur.
1431 1243 1542 1286 Nam
1592 1244 1649 1287 ab
1700 1244 1782 1288 bac

0 1300 12 1345 *J
80 1308 257 1355 ratione
287 1308 478 1353 alienum
511 1315 644 1361 esset,
682 1310 720 1354 si
752 1312 1009 1355 auctoribus
1048 1324 1132 1355 non
1164 1318 1373 1357 accurate
1404 1314 1548 1368 dictis,
1582 1327 1782 1369 praeser-

79 1380 162 1425 tim
190 1379 466 1436 aequalibus,
500 1394 611 1436 quos
643 1394 814 1436 semper
845 1384 899 1427 de
932 1384 1150 1427 industria
1182 1385 1324 1428 taceri
1366 1397 1620 1439 persuasum
1653 1386 1780 1431 habe-

78 1463 196 1509 mus,
226 1452 439 1498 librorum
473 1453 594 1497 tituli
625 1455 908 1497 adderentur.
973 1454 1125 1509 Neque
1157 1456 1267 1499 enim
1291 1455 1431 1499 minus
1463 1462 1619 1512 aperte
1650 1457 1780 1502 libro-

0 1521 8 1582 j
78 1535 177 1569 rum
219 1523 366 1569 titulis
407 1524 595 1569 adiectis
638 1529 915 1579 notarentur,
964 1538 1093 1580 quam
1133 1526 1171 1569 si
1211 1526 1556 1572 nominarentur.
1620 1528 1779 1584 Itaque

78 1607 166 1641 nou
197 1597 355 1643 mirum
385 1601 468 1651 est,
502 1598 618 1651 quod
651 1598 769 1651 apud
798 1598 1040 1651 scriptores
1062 1596 1258 1641 Graecos
1289 1598 1383 1642 fere
1414 1611 1626 1653 nusquam
1658 1600 1778 1644 tituli

0 1702 2 1704 .
77 1666 292 1712 librorum
323 1668 516 1713 eiusdem
548 1670 714 1712 aetatis
746 1670 1044 1712 inveniuntur.
1107 1668 1329 1714 Neminem
1357 1670 1415 1714 ab
1437 1671 1519 1714 hac
1550 1676 1779 1716 consuetu-

1 1731 3 1733 *
77 1739 181 1784 dine
210 1739 494 1785 decedentem
523 1740 720 1784 videmus
742 1740 827 1783 nisi
851 1741 1104 1792 Isocratem,
1138 1741 1213 1795 qui
1234 1753 1345 1795 quos
1376 1748 1582 1785 auctores
1613 1742 1778 1787 abdere

78 1809 191 1865 vult,
215 1792 306 1856 'eos
343 1814 492 1855 tamen
531 1811 657 1855 libris
695 1811 888 1855 laudatis
926 1811 1055 1865 plane
1092 1816 1243 1855 notat:
1277 1812 1319 1855 X
1353 1814 1423 1855 14:
1466 1814 1538 1857 Διὸ
1580 1816 1650 1858 καὶ
1694 1817 1778 1859 τὸν

0 1905 4 1928 ;
74 1882 338 1942 γράψαντα
366 1885 477 1941 περὶ
507 1891 592 1940 τῆς
622 1881 828 1940 Ἑλένης
859 1884 1014 1927 ἐπαινῶ
1053 1884 1231 1940 μάλιστα
1266 1891 1349 1927 τῶν
1379 1882 1425 1927 εὖ
1456 1885 1590 1941 λέγειν
1620 1900 1657 1929 τι
1689 1886 1777 1942 βου-

76 1954 295 2013 ληθέντων
313 1955 425 2011 κτλ,
447 1967 534 2009 quo
556 1955 652 1998 loco
675 1955 899 1998 Isocrates
926 1959 1149 1998 auctorem
1182 1954 1459 2007 laudandum,
1491 1956 1530 1998 si
1551 1957 1777 2000 nominare

76 2025 274 2080 nolebat,
305 2026 441 2070 aliter
463 2031 621 2070 notare
645 2026 719 2070 vix
744 2026 901 2080 potuit,
926 2031 970 2068 et
994 2026 1031 2068 V
1059 2027 1129 2068 12:
1154 2060 1161 2067 .
1189 2060 1196 2068 .
1222 2060 1230 2068 .
1255 2024 1355 2070 ἀλλ’
1375 2027 1524 2083 ὁμοίως
1544 2027 1582 2071 οἱ
1602 2035 1776 2072 τοιοῦτοι

2 2086 8 2109 T
74 2101 161 2143 τῶν
189 2098 328 2156 λόγων
357 2101 504 2156 ἄκυροι
525 2099 796 2155 τυγχάνουσιν
824 2100 937 2150 ὄντες
965 2105 1068 2149 τοῖς
1090 2097 1256 2154 νόμοις
1276 2100 1359 2141 καί
1379 2106 1483 2150 ταῖς
1504 2098 1776 2151 πολιτείαις

75 2176 164 2223 ταῖς
182 2168 265 2215 ὑπὸ
283 2176 367 2214 τῶν
387 2177 596 2227 σοφιστῶν
616 2169 915 2227 γεγραμμέναις
935 2170 1042 2222 κτλ.,
1066 2168 1138 2211 ubi
1161 2167 1355 2222 Legibus
1377 2173 1423 2211 et
1446 2168 1688 2222 Republica
1715 2169 1775 2211 di·

4 2239 6 2241 ’
75 2239 163 2285 ctis
176 2239 411 2286 Platonem
442 2253 558 2285 anno
590 2250 695 2284 aute
728 2246 944 2284 mortuum
976 2243 1092 2293 (uam
1126 2239 1361 2283 Isocratem
1382 2239 1624 2293 Philippum
1657 2251 1774 2283 anno

74 2311 163 2356 346
204 2312 522 2367 conscripsisse
566 2325 620 2356 ex
664 2312 791 2355 huius
835 2311 1050 2354 orationis
1092 2316 1353 2363 argumento
1397 2311 1572 2360 scimus)
1620 2310 1774 2354 laudat

73 2383 287 2439 (Spengel
319 2396 359 2439 p.
384 2385 501 2429 757).

193 2454 285 2499 Iam
326 2467 432 2499 vero
471 2454 787 2509 respiciendum
833 2459 915 2506 est,
967 2465 1052 2506 quo
1084 2453 1178 2502 flat,
1224 2458 1269 2495 ut
1313 2453 1554 2506 scriptores
1598 2451 1771 2505 Graeci,

12 2528 14 2530 ’
75 2526 154 2580 qui
198 2531 407 2571 auctores
453 2526 663 2581 aequales
707 2538 792 2569 non
837 2525 1090 2568 nominatim
1136 2523 1318 2567 laudant
1362 2535 1597 2578 eorumque
1638 2523 1774 2566 libros

73 2598 299 2653 omittunt,
342 2599 519 2643 tacendi
566 2598 892 2648 necessitatem,
942 2603 990 2638 ut
1036 2596 1175 2646 aiunt,
1223 2596 1266 2638 in
1315 2595 1527 2638 rationem
1578 2600 1771 2637 vertant.

3 2658 6 2659 ⁷
71 2668 337 2725 Plerumque
374 2671 486 2714 enim
526 2682 675 2714 eorum
713 2680 886 2723 quoque
924 2668 1186 2721 scriptorum
1225 2678 1277 2708 ac
1318 2672 1544 2720 poetarum
1584 2665 1772 2709 nomina-

73 2745 233 2796 torum,
267 2754 450 2797 quorum
475 2741 685 2785 librorum
710 2739 864 2783 titulos
888 2738 1017 2782 facile
1040 2743 1136 2781 erat
1166 2738 1324 2788 dicere,
1361 2737 1461 2780 libri
1492 2736 1769 2780 omittuntur.

73 2811 199 2869 Quae
230 2813 349 2857 ratio
381 2818 426 2857 et
459 2814 611 2857 eadem
643 2817 725 2864 est,
759 2823 846 2865 qua
869 2810 1110 2864 scriptores
1133 2821 1184 2852 ac
1209 2815 1367 2862 poetae
1389 2808 1605 2851 notissimi
1629 2813 1770 2851 tacen-

72 2889 160 2939 tur,
192 2897 335 2940 neque
357 2886 506 2929 eadem
536 2895 671 2927 eausa
703 2889 840 2926 caret.
907 2881 1013 2924 Nam
1036 2881 1277 2934 scriptores
1312 2885 1485 2924 veteres
1519 2879 1590 2922 vix
1625 2878 1771 2922 facere

56 2959 327 3011 potuerunt,
369 2958 473 3011 quin
512 2955 689 3009 saepius
732 2953 1016 3008 neglegentia
1054 2951 1238 3005 quadam
1279 2952 1343 2993 usi
1381 2956 1587 2993 auctores
1627 2949 1769 2993 laudu-
