2080 3424
970 282 1254 347 —44—

260 425 438 469 Libanii
448 425 668 479 Apologia
683 423 881 468 Socratis
903 423 999 478 (46)
1013 423 1307 478 colligendum
1329 426 1399 466 est
1421 422 1593 478 (Hirzel
1614 436 1655 477 p.
1668 424 1767 478 242,
1787 419 1966 478 fiercke

262 511 301 551 p.
335 497 514 550 XLIV),
559 496 806 549 Xenophon
848 503 894 538 et
931 499 1216 538 accusatores
1255 498 1301 538 et
1339 494 1560 538 rhetorem
1600 494 1838 549 significat,
1878 507 1967 550 qua

260 570 314 612 de
346 581 395 611 re
428 568 577 611 verbis
609 579 694 610 non
725 567 894 620 apertis
925 567 1148 624 πεισθῆναί
1175 582 1286 618 τινας
1321 565 1478 609 utitur.
1542 566 1638 622 Quo
1670 565 1794 610 facto
1824 567 1967 610 Xeno·

262 640 376 693 phon
421 639 634 692 paulatim
678 639 735 681 ad
772 641 1078 681 accusatorem
1118 637 1268 680 fictum
1310 638 1490 691 transit,
1537 638 1612 690 qui
1654 637 1756 682 inde
1793 650 1822 681 a
1857 638 1883 694 ἓ
1922 639 1964 692 9,

261 723 347 764 qua
410 710 593 764 primum
654 709 878 762 laudatur,
941 710 999 752 ad
1060 710 1399 763 unumquodque
1461 709 1624 752 crimen
1685 708 1966 754 refutandum

259 783 468 825 laudatur
512 782 658 834 (Mem.
694 781 716 824 I
749 782 790 835 2,
835 782 876 835 9,
929 782 995 835 12,
1045 782 1117 835 49,
1165 782 1235 835 51,
1284 781 1355 834 56,
1401 782 1490 834 58).
1556 779 1693 836 Quem
1737 782 1795 824 ad
1837 780 1966 825 finem

258 853 505 907 Xenophon
543 865 715 907 semper
747 853 908 896 eisdem
941 853 1092 896 verbis
1124 852 1287 896 utitur:
1328 852 1352 895 ὁ
1383 853 1613 911 κατήγορος
1643 854 1722 910 ἔφη
1755 855 1801 896 et
1831 854 1911 911 ἔφη
1943 854 1966 897 ὁ

258 926 501 983 κατήγορος,
546 937 659 978 quae
703 928 781 967 aut
825 925 943 968 inter
986 924 1076 968 alia
1119 925 1271 978 verba,
1313 936 1426 978 quae
1465 924 1668 967 oratione
1706 928 1832 968 recta
1870 925 1965 968 red-

260 998 438 1051 duntur,
476 997 744 1050 interposita
782 996 1083 1049 inveniuntur,
1117 1000 1196 1039 aut
1227 1008 1280 1039 ea
1312 999 1428 1050 sunt,
1469 1008 1492 1039 e
1525 995 1684 1049 quibus
1715 995 1966 1051 Polycratis

259 1067 442 1111 crimina
474 1069 708 1121 pendeant.
773 1067 926 1121 Neque
958 1068 1069 1111 enim
1099 1068 1349 1121 Xenophon
1382 1068 1523 1111 verba
1553 1067 1740 1110 laudata
1771 1067 1966 1111 orationi

257 1151 377 1192 suae,
411 1151 498 1192 qua
530 1140 813 1194 Polycratem
845 1138 1023 1193 refellit,
1063 1142 1182 1183 tecte
1214 1139 1425 1192 contexit,
1465 1140 1543 1182 sed
1574 1139 1752 1192 singula
1782 1139 1966 1182 crimina

257 1210 464 1265 deinceps
524 1213 589 1254 ita
648 1211 908 1265 simpliciter
967 1214 1013 1254 et
1064 1214 1220 1265 aperte
1273 1214 1458 1263 tractat,
1504 1215 1555 1253 ut
1601 1211 1658 1253 ab
1702 1215 1965 1254 accusatore

255 1282 359 1326 ficto
391 1282 485 1326 fere
517 1283 704 1326 alienum
739 1283 811 1326 sit.
880 1283 1030 1336 Atque
1062 1295 1089 1325 a
1121 1283 1437 1326 consuetudine
1475 1281 1677 1326 breviter
1713 1294 1767 1326 ac
1802 1282 1966 1326 leviter

256 1354 499 1408 adserendi,
540 1367 668 1408 quam
708 1355 852 1398 adhuc
888 1356 1006 1409 apud
1047 1354 1291 1408 scriptores
1322 1355 1581 1407 invenimus,
1614 1354 1863 1408 Xenophon
1895 1354 1964 1397 de-

256 1427 412 1469 cedere
445 1426 642 1479 videtur;
682 1439 824 1480 neque
862 1428 975 1470 enim
1012 1428 1140 1470 modo
1178 1427 1299 1469 aliud
1340 1426 1397 1469 ab
1430 1426 1518 1469 alio
1551 1426 1715 1469 crimen
1746 1430 1962 1470 secretum

256 1497 440 1551 refutat,
474 1500 551 1541 sed
580 1499 713 1541 etiam
745 1499 857 1542 satis
880 1502 1090 1542 accurate
1112 1498 1365 1541 exscribere
1388 1499 1580 1541 videtur.
1643 1497 1785 1553 Quod,
1818 1509 1964 1551 quam-

258 1581 387 1622 quam
435 1570 690 1624 Polycratis
743 1571 884 1614 verba
935 1570 1033 1624 ipsa
1084 1582 1172 1613 non
1221 1571 1476 1623 traduntur,
1529 1573 1678 1612 tamen
1729 1569 1964 1623 explorare

256 1653 498 1694 possumus.
562 1642 672 1685 Nam
694 1643 943 1696 Xenophon
975 1642 1072 1686 loco
1106 1643 1295 1695 quodam
1329 1642 1426 1695 plus
1450 1653 1581 1694 quam
1611 1640 1817 1684 refellere
1848 1641 1890 1685 ei
1919 1643 1964 1684 in

256 1712 399 1755 animo
445 1718 527 1766 est,
574 1714 800 1757 exscribit.
864 1714 886 1756 I
915 1715 992 1767 2,9
1037 1714 1150 1756 enim
1194 1715 1248 1756 de
1295 1713 1440 1756 altero
1484 1712 1740 1766 Polycratis
1783 1710 1964 1755 crimine

255 1784 338 1827 hoc
389 1785 566 1828 scribit:
630 1784 770 1829 Ἀλλὰ
820 1789 868 1842 νὴ
922 1786 1011 1841 Δία,
1064 1787 1086 1828 ὁ
1138 1786 1369 1842 κατήγορος
1426 1787 1520 1842 ἔφη,
1583 1786 1788 1842 ὑπερορᾶν
1837 1785 1964 1828 ἐποίει

253 1863 336 1899 τῶν
382 1857 667 1901 καθεστώτων
715 1859 850 1914 νόμων
895 1861 991 1910 τοὺς
1037 1857 1247 1912 συνόντας,
1295 1857 1430 1913 λέγων
1477 1857 1532 1908 ὡς
1581 1863 1718 1913 μῶρον
1760 1857 1823 1913 εἴη
1869 1858 1963 1907 τοὺς

256 1930 328 1984 μὲν
371 1936 441 1985 τῆς
485 1929 647 1981 πόλεως
689 1932 892 1986 ἄρχοντας
935 1931 1017 1973 ἀπὸ
1059 1929 1489 1986 κυάμουκαθιστοίναι,
1534 1928 1765 1985 κυβερνήτῃ
1806 1928 1851 1971 δὲ
1892 1942 1963 1984 μη-

255 2000 351 2043 δὲνα
396 2001 558 2044 ἐθέλειν
605 2002 791 2058 χρῆσθαι
836 2008 1069 2058 κυαμευτῷ,
1118 2002 1220 2057 μηδὲ
1265 2000 1440 2055 τέκτονι,
1489 1997 1588 2057 μηδ’
1638 1998 1812 2056 αὐλητῇ,
1863 1996 1964 2056 μηδ’

254 2069 319 2113 ἐπ’
364 2073 474 2115 ἄλλα
519 2080 700 2125 τοιαῦτα,
749 2074 776 2115 ἃ
822 2073 966 2129 πολλῷ
1017 2073 1239 2123 ἐλάττονας
1291 2071 1446 2128 βλάβας
1497 2071 1811 2128 ἁμαρτανόμενα
1857 2077 1964 2114 ποιεῖ

253 2150 335 2186 τῶν
396 2146 487 2199 περὶ
548 2147 622 2200 τὴν
683 2144 802 2187 πόλιν
859 2142 1226 2201 ἁμαρτανομένων·
1289 2145 1384 2194 τοὺς
1442 2144 1486 2185 δὲ
1546 2143 1754 2194 τοιούτους
1813 2141 1964 2198 λόγους

256 2213 436 2271 ἐπαίρειν
483 2217 561 2271 ἔφη
605 2218 699 2267 τοὺς
742 2216 857 2267 νέους
899 2223 1171 2272 καταφρονεῖν
1212 2222 1286 2271 τῆς
1326 2214 1603 2269 καθεστώσης
1644 2213 1851 2265 πολιτείας
1892 2214 1963 2255 καί

254 2294 382 2329 ποιεῖν
423 2287 575 2343 βιαίους
613 2287 703 2330 κτλ.
767 2287 1015 2340 Xenophon
1055 2290 1102 2329 ut
1142 2285 1370 2330 Socratem
1416 2285 1556 2328 verba
1596 2285 1650 2328 de
1690 2284 1962 2340 magistrati-

256 2357 337 2399 bus
389 2362 511 2400 sorte
565 2359 769 2400 creandis
822 2358 980 2401 fecisse
1031 2361 1180 2411 neget,
1234 2360 1406 2400 tantum
1461 2357 1603 2410 abest,
1666 2361 1715 2399 ut
1766 2357 1959 2409 studeat,

256 2440 348 2470 cum
383 2428 611 2472 Socratem
644 2434 692 2471 ut
725 2430 940 2472 hominem
982 2430 1240 2483 prudentem
1273 2441 1301 2471 a
1333 2427 1379 2472 vi
1411 2432 1547 2481 atque
1578 2427 1740 2471 iniuria
1771 2427 1960 2472 alienum

256 2501 375 2552 pacis
422 2505 647 2543 auctorem
692 2500 827 2544 fuisse
870 2501 1003 2555 dicat,
1046 2500 1156 2543 illud
1195 2502 1266 2543 καὶ
1306 2507 1435 2543 ποιεῖν
1474 2500 1639 2556 βιαίους,
1679 2501 1795 2553 quod
1832 2499 1960 2554 Poly·

254 2575 401 2613 crates
435 2583 457 2614 e
489 2571 688 2615 Socratis
719 2573 868 2615 verbis
891 2572 1150 2627 collegerat,
1183 2571 1395 2615 refutare.
1459 2570 1573 2613 lllud
1606 2571 1719 2614 enim
1751 2571 1962 2626 gravissi-

253 2654 365 2683 mum
398 2642 542 2685 refelli
574 2656 659 2686 non
694 2643 853 2697 potuit,
888 2645 992 2697 quia
1014 2643 1224 2687 Socrates
1256 2642 1365 2685 illud
1397 2643 1462 2685 rei
1495 2642 1696 2696 publicae
1725 2642 1959 2686 Athenien·

255 2712 362 2755 sium
397 2715 661 2768 institutum,
703 2716 817 2768 quod
859 2728 954 2758 eum
994 2715 1332 2769 reprehendisse
1364 2713 1629 2768 Polycrates
1668 2714 1858 2767 dixerat,
1897 2726 1959 2757 re-

257 2785 539 2836 prehendisse
592 2787 770 2829 videtur
821 2787 996 2840 (Zeller,
1049 2785 1132 2828 Ph.
1187 2785 1227 2826 d.
1283 2783 1359 2827 Gr.
1408 2785 1453 2828 II
1502 2783 1551 2827 1⁴
1593 2785 1710 2840 169).
1794 2785 1959 2829 Tamen

255 2856 513 2910 Xenophon,
562 2859 679 2910 quod
727 2857 983 2912 Polycratis
1030 2858 1278 2901 sententias
1323 2869 1463 2910 neque
1511 2857 1775 2900 contrahere
1817 2868 1959 2911 neque

254 2938 533 2980 corrumpere
591 2929 699 2981 vult,
761 2941 814 2971 ea
874 2930 1025 2982 verba,
1080 2941 1192 2982 quae
1254 2928 1452 2972 refutare
1511 2940 1598 2971 non
1657 2931 1821 2982 potest,
1874 2939 1960 2972 una
