2080 3424
2 666 61 756 ἐξ

0 768 61 852 e

13 746 28 755 ,

0 837 30 878 fr?

0 876 38 896 τό

0 935 40 974 ἷξε,

0 975 22 991 υς,
30 976 39 984 ³

933 296 990 339 45

93 440 204 478 ,m
253 391 417 476 esteris
466 433 693 477 exscribit.
755 433 846 479 Nec
897 436 1031 480 aliter
1081 438 1135 481 de
1185 436 1250 482 eis
1300 437 1423 491 locis,
1469 438 1628 493 quibus
1672 438 1802 495 Poly·

95 502 248 563 ,eratis
282 503 468 547 crimina
503 504 704 559 pluribus
740 506 891 551 verbis
925 507 1189 552 adferuntur
1214 507 1235 552 1
1264 511 1306 563 2,
1314 509 1366 553 51
1406 514 1454 554 et
1487 510 1559 564 56,
1597 510 1667 565 58,
1698 522 1803 566 quo-

93 583 204 623 aa
258 578 451 629 utroque
507 575 606 619 loco
661 577 795 620 etiam
838 590 995 622 versus
1037 590 1066 622 a
1108 578 1347 634 Polycrate
1392 579 1640 636 exso-iptos
1683 581 1802 637 apud

82 642 444 704 ,Xenophontem
475 646 683 691 laudatos
712 649 970 698 invenimus.
1003 650 1189 695 iudicari
1219 656 1382 705 potest.
1442 650 1591 696 Verba
1628 651 1803 707 quidem

58 725 83 761 ς’
99 715 358 763 ἀνω-κώ
401 717 649 773 Xenophon
696 731 778 763 sua
824 720 944 774 facit,
992 722 1069 765 sed
1115 734 1210 766 eum
1255 721 1508 777 Polycratis
1554 722 1805 776 sententiaa

47 787 59 811 ‘²
86 788 247 836 dnus
277 790 536 834 concoxisse
557 802 687 844 quam
709 794 760 834 ut
781 803 890 846 opus
911 791 1095 836 liberum
1125 804 1179 837 ac
1210 792 1399 837 solutum
1430 798 1583 848 pomt
1612 792 1801 839 oonscri·

53 924 58 930 ¹
86 854 226 919 bne,
254 858 386 905 immo
411 860 645 916 Polycrati
675 863 802 906 nimis
834 863 1151 908 adhaerescere
1178 864 1328 908 verbis
1359 863 1552 908 laudatis
1583 864 1715 919 plane
1742 864 1803 909 ab

101 930 184 987 ἡ,
229 930 392 987 quibus
437 931 706 986 refutantur,
753 939 804 977 ut
849 946 984 988 supra
1034 940 1412 979 comme-oratum
1458 940 1541 983 est,
1588 934 1802 980 seiunctis

18 1007 51 1056 ‘1112
102 1002 323 1050 certiores
352 1002 492 1047 fimus.
554 1003 714 1058 Itaque
746 1006 790 1049 in
822 1004 1077 1050 defensione
1097 1005 1297 1051 Socratis
1327 1006 1645 1050 conscribenda
1672 1005 1802 1062 Poly·

102 1075 246 1122 uatis
289 1075 619 1120 accusationem
669 1081 776 1119 ante
822 1076 972 1120 oculos
1018 1077 1189 1130 habuit,
1233 1089 1329 1121 cum
1374 1076 1537 1122 ceteris
1581 1077 1626 1121 in
1677 1076 1800 1132 locis,

0 1140 5 1171 ἶ
103 1146 369 1204 praesertim
387 1147 527 1191 Conv.
551 1147 592 1201 8,
614 1147 686 1200 32,
708 1148 784 1191 ubi
803 1147 1067 1191 Pausaniam
1089 1148 1202 1192 falso
1223 1148 1433 1200 nominat,
1455 1147 1598 1192 verba
1616 1147 1803 1192 laudata

3 1242 7 1246 ⁸
31 1219 45 1250 -’
101 1218 159 1265 de
176 1218 391 1264 memoria
410 1218 629 1263 adtulisse
651 1219 871 1263 videatur.
933 1219 1177 1273 Xenophon
1199 1221 1338 1275 igitur
1359 1231 1565 1263 summam
1592 1219 1649 1263 ad
1669 1218 1801 1274 Poly·

101 1290 245 1336 antis
281 1290 424 1335 verba
460 1291 560 1344 ipsa
595 1290 800 1335 oratione
836 1297 961 1334 recta
997 1292 1286 1335 exscribenda
1323 1290 1579 1335 facultatem
1609 1289 1696 1334 sibi
1726 1290 1800 1334 da-

101 1368 197 1408 tum
234 1361 283 1407 in
323 1362 472 1417 priore
517 1361 867 1405 Memorabilium
912 1368 1039 1416 parte
1082 1362 1394 1416 praetermisit,
1438 1373 1568 1416 quam
1610 1361 1668 1405 ob
1706 1372 1799 1405 rem

100 1433 300 1479 orationi
344 1438 447 1478 arte
494 1433 675 1477 vinctae
719 1445 807 1477 non
854 1434 1112 1477 convenisse
1155 1434 1350 1477 auctoris
1396 1431 1616 1487 pedestris
1658 1431 1801 1476 verba

100 1506 203 1562 ipsa
229 1505 485 1550 exscribere
516 1504 562 1549 in
594 1510 753 1559 aperto
785 1510 868 1548 est.

218 1575 318 1621 Non
349 1576 488 1621 multo
519 1577 655 1621 aliter
684 1589 739 1620 ac
759 1577 1003 1631 Xenophon
1025 1576 1303 1631 Polycratem
1331 1575 1498 1627 laudat,
1526 1574 1799 1619 Isocrates

100 1647 188 1694 XV
206 1649 268 1693 30
294 1649 530 1706 κατήγορον
565 1661 654 1692 non
690 1648 831 1692 solum
861 1654 1161 1692 accusatorem
1201 1648 1295 1691 sive
1328 1658 1477 1690 verum
1508 1646 1604 1689 sive
1633 1644 1798 1698 fictum,

100 1720 179 1765 sed
222 1718 358 1765 etiam
394 1720 629 1764 Platonem
680 1720 902 1775 intellegit
955 1719 1210 1775 (Dummler‚
1257 1717 1397 1760 Akad.
1443 1730 1483 1772 p.
1526 1716 1618 1770 63).
1699 1715 1798 1771 Quo

99 1790 191 1836 alio
221 1791 330 1848 (non
362 1791 551 1847 simplici
581 1791 659 1835 illo
689 1792 833 1844 modo,
866 1803 990 1845 quem
1032 1802 1166 1845 supra
1204 1789 1506 1844 cognovimus)
1552 1799 1581 1830 a
1610 1787 1798 1840 scripto-

100 1863 225 1908 ribus
262 1861 451 1908 Graecis
490 1868 713 1917 auctores,
759 1863 834 1917 qui
872 1862 1127 1915 laudantur,
1173 1866 1421 1912 taceantur,
1462 1858 1545 1902 hac
1584 1856 1796 1901 Isocratis

98 1940 146 1980 et
187 1934 501 1990 Xenophontis
547 1935 722 1979 ratione
770 1935 986 1986 docemur,
1035 1945 1161 1987 quam
1207 1930 1613 1975 artificiosissimam
1655 1939 1798 1983 neque

100 2005 288 2051 ullorum
324 2018 423 2051 esse
459 2007 546 2051 nisi
583 2005 886 2050 litteratorum
928 2005 1143 2048 hominum
1174 2014 1298 2047 nemo
1329 2000 1525 2056 negabit.
1587 1998 1678 2043 Nec
1708 2010 1796 2043 non

97 2077 255 2124 Plato
297 2090 353 2123 ea
394 2079 552 2132 utitur,
591 2089 854 2132 quamquam
895 2076 941 2120 in
976 2076 1067 2119 eius
1107 2074 1298 2128 dialogis
1340 2072 1430 2116 alia
1466 2083 1563 2115 esse
1603 2070 1794 2114 videtur.

98 2152 320 2196 Auctoree
352 2149 481 2204 enim,
513 2161 624 2204 quos
664 2155 714 2192 ut
755 2148 883 2192 fictos
915 2146 1157 2201 Xenophon
1189 2151 1235 2189 et
1266 2144 1488 2187 Isocrates
1519 2141 1718 2194 laudant,
1748 2140 1794 2184 in

99 2221 292 2278 dialogis
328 2221 591 2276 quibusdam
627 2220 829 2264 Platonis
867 2218 1109 2262 homiuibus
1147 2215 1395 2270 personatis
1436 2213 1634 2257 subsunt.
1696 2210 1794 2255 Hoc

97 2292 232 2338 Plato
276 2292 374 2348 ipse
411 2291 638 2348 significat
675 2291 742 2335 De
778 2303 871 2345 rep.
901 2290 938 2332 V
967 2289 1053 2332 476
1067 2288 1117 2340 E,
1157 2288 1229 2331 ubi
1266 2286 1475 2330 Socrates
1528 2283 1795 2327 adhortatur

98 2363 383 2419 Glauconem,
430 2369 481 2408 nt
523 2362 775 2407 adversarii
821 2362 917 2405 loco
960 2359 1240 2413 respondeat.
1304 2356 1467 2400 Eadem
1511 2353 1794 2408 impugnandi

97 2436 405 2481 adversarium
450 2436 666 2490 quendam
704 2435 877 2477 ratione
921 2431 1068 2475 verbis
1104 2441 1190 2474 non
1231 2427 1483 2483 significata
1519 2437 1622 2470 usus
1659 2423 1793 2468 Plato

98 2509 144 2554 in
194 2507 433 2564 dialogum,
482 2507 556 2562 qui
603 2504 921 2560 Euthydemi
966 2503 1137 2546 nomine
1183 2499 1452 2550 inscribitur,
1499 2496 1665 2541 inducit
1710 2494 1793 2539 Eu·

99 2579 352 2636 thydemum
391 2584 439 2623 et
476 2578 843 2633 Dionysodorum,
887 2575 968 2618 sub
1005 2572 1177 2628 quibus,
1219 2577 1267 2614 ut
1299 2571 1365 2614 ita
1394 2570 1548 2621 dicam,
1594 2564 1793 2621 personis

97 2651 409 2697 Antisthenem
447 2649 596 2694 adfert
634 2656 679 2693 et
717 2646 1036 2702 perstringw).
1098 2643 1193 2687 Hoc
1230 2642 1357 2686 modo
1394 2639 1526 2684 Plato
1563 2640 1795 2682 consuetu·

98 2722 243 2768 dinem
274 2728 483 2767 auctores
506 2722 634 2765 vivos
662 2732 748 2764 non
777 2717 1031 2763 nominatim
1065 2713 1271 2758 laudandi
1304 2724 1425 2756 suam
1458 2708 1791 2754 urbanissimam

219 2829 254 2874 1)
279 2827 623 2869 Sehleiermacher,
661 2825 818 2863 Platona
856 2822 992 2860 werke
1029 2820 1059 2858 ll
1090 2823 1104 2857 ι
1142 2831 1178 2868 p.
1207 2821 1274 2856 ⁴01
1302 2829 1386 2865 sqq.
1437 2815 1564 2853 Urban
1599 2824 1635 2862 p
1660 2816 1683 2851 8
1708 2822 1792 2860 sqq.

97 2911 145 2919 —
169 2887 307 2932 Zeller,
332 2887 400 2926 Ph
427 2887 463 2925 d.
491 2887 552 2924 Gr.
581 2886 613 2924 ll
641 2884 697 2925 1⁴
722 2886 803 2928 801,
821 2888 853 2920 8.
879 2901 923 2908 -—
953 2881 1094 2921 llonltz¹
1122 2878 1268 2917 Platon.
1286 2876 1394 2915 stud.
1422 2875 1487 2913 Ed.
1507 2873 1568 2915 ΙΙΙ,
1595 2883 1630 2921 p.
1653 2874 1729 2910 lw.
1748 2890 1790 2898 —

9 2998 12 3002 ι
98 2946 258 2993 Gereke,
283 2947 390 2986 Neue
415 2946 549 2984 Jahrb
576 2945 601 2983 f
627 2945 664 2982 d.
691 2943 808 2982 klass
837 2942 911 2979 Alt.
939 2941 1057 2977 1686.
