2080 3424
485 622 1018 690 SENTENTIAE
1070 622 1755 692 CONTROVERSAE.

1110 823 1143 865 l.

390 893 641 947 Scriptores
665 893 825 938 Graeci
849 895 1119 937 recentiores
1141 894 1185 936 in
1213 894 1447 937 laudandis
1475 894 1732 938 auctoribus
1762 908 1850 940 non
1882 900 1972 940 tam

278 965 494 1008 rationem
529 965 730 1026 Platonis
763 978 1012 1019 eorumque,
1038 966 1112 1018 qui
1133 970 1211 1008 aut
1233 971 1338 1008 anie
1361 979 1453 1009 eum
1478 971 1555 1008 aut
1579 968 1740 1010 eisdem
1772 969 1975 1022 tempori-

274 1038 352 1079 bus
384 1036 642 1089 floruerunt,
677 1049 806 1090 quam
838 1037 1099 1080 Aristotelis
1131 1043 1354 1080 secuntur.

1093 1156 1151 1199 Π.

392 1228 558 1270 Versus
588 1228 820 1271 773—-788
850 1230 896 1270 et
923 1228 1171 1281 903—930‚
1202 1227 1276 1281 qui
1307 1229 1350 1270 in
1374 1240 1560 1281 corpore
1582 1229 1819 1272 carminum
1839 1230 1977 1274 Theo-

273 1300 531 1352 gnideorum
570 1300 822 1347 traduntur,
862 1312 889 1341 a
931 1299 1188 1353 Theognide
1225 1300 1322 1352 ipso
1362 1311 1446 1342 non
1481 1300 1672 1353 scriptos
1705 1312 1803 1344 esse
1835 1314 1978 1346 corre-

273 1370 422 1424 ptione
455 1372 610 1414 Attica
641 1370 709 1414 his
740 1372 785 1414 in
818 1371 1021 1415 versibus
1053 1371 1257 1414 adhibita
1289 1372 1518 1424 probatur.

1083 1489 1164 1533 III.

392 1561 640 1616 Dialogum‚
677 1563 750 1615 qui
781 1560 887 1606 Ἴων
910 1561 1182 1614 inscribitur,
1215 1574 1300 1604 non
1324 1561 1456 1604 Plato
1489 1562 1596 1615 ipse,
1630 1562 1704 1605 sed
1739 1561 1980 1617 discipulus

275 1634 451 1686 quidam
498 1633 624 1676 libris
669 1634 949 1676 Antisthenis
992 1633 1239 1676 Homericis
1286 1645 1389 1676 usus
1438 1632 1754 1687 conscripsisse
1801 1634 1980 1679 videtur

274 1717 414 1758 neque
445 1705 490 1747 id
522 1706 579 1747 ad
611 1705 921 1748 Antisthenem
953 1706 1234 1748 irridendum.

1093 1824 1170 1868 IV.
1845 1863 1855 1873 .

396 1896 526 1938 Marx
564 1908 659 1938 cum
698 1897 752 1939 de
790 1896 898 1939 locis
937 1897 994 1938 ab
1027 1896 1271 1939 Aristotele
1309 1896 1351 1939 in
1396 1900 1495 1939 arte
1528 1896 1753 1939 rhetorica
1784 1895 1980 1940 laudatis

276 1971 366 2009 tum
399 1969 452 2011 de
485 1971 669 2011 auctore
702 1969 815 2010 artis
848 1969 1099 2011 rhetoricae
1131 1980 1219 2011 non
1251 1971 1373 2010 recte
1404 1968 1584 2010 iudicat.

393 2157 456 2202 Ut
486 2158 596 2201 Aen.
621 2158 684 2202 IV
715 2159 802 2201 435
824 2171 890 2213 sq.
924 2158 1103 2213 legatur

477 2233 718 2273 extremam
750 2230 864 2273 hanc
896 2242 973 2274 oro
1007 2230 1180 2273 veniam
1213 2230 1440 2284 (miserere
1472 2229 1676 2284 sororis),

477 2313 608 2354 quam
638 2301 744 2344 mihi
776 2314 870 2344 cum
904 2302 1090 2355 dederi-9,
1125 2301 1389 2344 cumulatam
1421 2305 1563 2344 morte
1594 2300 1818 2344 remittam

278 2374 376 2414 arte
426 2372 651 2416 rhetorica
693 2386 720 2415 a
764 2373 963 2428 Vergilio
1012 2374 1070 2416 ad
1117 2373 1343 2416 orationes
1391 2373 1612 2416 Aeneidos
1658 2373 1981 2426 componendas

278 2443 479 2486 adhibita
514 2444 589 2498 (cf.
615 2445 738 2488 Serv.
763 2446 833 2488 ad.
859 2445 965 2489 Aen.
990 2445 1011 2488 I
1034 2446 1108 2500 65)
1140 2446 1367 2488 suadetur.

1096 2564 1169 2606 VI.

397 2633 567 2676 Schade
600 2647 750 2678 vocem
785 2634 940 2677 wunsk
971 2634 1225 2690 significare
1257 2635 1590 2688 adoptionem
1623 2633 1738 2677 falso
1770 2636 1914 2688 putat.
