2080 3424
1097 294 1152 337 10

268 437 405 480 Arist.
429 452 472 480 u.
500 437 597 480 Ath.
621 437 666 480 II
688 436 860 490 304,st
923 435 1087 479 Eodem
1121 436 1247 478 modo
1270 434 1516 488 Xenophon
1546 434 1745 478 Sirenum
1777 438 1967 489 cantu-m,

267 510 388 552 cuius
422 510 604 562 primum
639 520 812 551 versum
844 507 1015 560 laudat,
1048 510 1098 550 ut
1130 507 1195 549 ita
1227 507 1381 560 dicam,
1415 505 1658 549 inscribere
1690 507 1883 550 videtur.

408 581 530 623 Haec
562 580 694 634 ratio,
728 591 842 632 quae
874 578 975 632 fert,
1010 582 1060 621 ut
1082 591 1238 621 versus
1270 577 1356 632 ipsi
1379 578 1705 627 exscribantur,
1738 577 1968 622 veteribus

266 652 406 705 magis
440 663 567 705 quam
600 650 668 693 his
701 651 969 703 temporibus
992 651 1171 693 videtur
1203 662 1300 693 esse
1328 648 1628 703 frequentata.
1690 647 1802 692 Nam
1834 649 1967 692 etiam

266 724 367 766 libri
410 721 728 775 antiquissimis
762 721 1033 775 temporibus
1075 722 1278 765 oratione
1323 723 1469 764 soluta
1507 720 1676 774 scripti,
1722 719 1795 774 qui
1833 720 1968 764 titulo

265 795 491 846 carebant,
525 794 607 836 hoc
638 794 765 835 modo
799 793 972 835 laudari
1004 793 1222 845 solebant,
1257 793 1381 836 velut
1403 792 1673 836 Aristoteles
1700 791 1968 836 Rhet.1119

266 880 304 919 p.
333 866 442 908 1409
460 877 487 907 a
509 865 562 908 27
596 866 653 907 ad
686 868 827 907 totum
850 864 1009 907 librum
1042 866 1282 908 notandum
1304 864 1524 908 Herodoti
1546 863 1762 908 historiae
1783 864 1967 918 primum

264 936 538 980 enuntiatum
582 935 731 980 adfert
777 936 960 990 (Lohan‚
1000 949 1040 990 p.
1070 937 1159 990 41).
1225 936 1352 992 Quod
1393 940 1574 989 praeter
1617 936 1726 979 haec
1767 935 1968 990 exempla

263 1009 352 1051 alia
395 1009 511 1061 apud
543 1012 719 1051 veteres
752 1009 995 1061 scriptores
1028 1008 1104 1050 vix
1135 1008 1435 1061 inveniuntur,
1481 1008 1655 1051 minime
1690 1007 1846 1050 mirum
1882 1010 1965 1050 est.

264 1079 369 1122 Nam
414 1091 518 1121 raro
563 1078 701 1122 libros
744 1079 864 1133 ipsos
907 1083 1066 1122 notare
1110 1079 1376 1132 scriptorum
1420 1078 1638 1122 interfuit.
1701 1079 2002 1133 Plerumque¹

263 1163 357 1194 cum
389 1162 531 1204 pauca
575 1162 627 1192 ex
672 1150 736 1193 eis
778 1154 952 1203 sumpta
983 1150 1287 1203 laudarentur,
1329 1163 1415 1194 non
1458 1150 1596 1194 solum
1635 1151 1874 1194 carminum
1903 1148 1966 1193 in-

263 1222 526 1276 scriptorum
561 1221 692 1275 tituli,
728 1222 991 1275 praesertim
1012 1221 1206 1275 Homeri,
1237 1223 1359 1265 cuius
1392 1222 1597 1265 versibus
1627 1222 1686 1265 ab
1706 1221 1966 1265 auctoribus

262 1293 510 1347 exscriptis,
544 1297 689 1335 utrum
722 1293 877 1336 Iliadis
910 1305 967 1336 an
1001 1292 1228 1347 Odysseae
1261 1296 1423 1347 essent,
1463 1293 1556 1337 fere
1587 1305 1802 1347 nusquam
1835 1293 1966 1336 adde-

263 1366 406 1418 batur,
460 1366 536 1407 sed
590 1364 721 1407 etiam
770 1365 983 1408 librorum
1033 1366 1236 1408 oratione
1283 1366 1479 1419 pedestri
1531 1366 1796 1419 scriptorum
1843 1363 1965 1408 tituli

262 1436 594 1479 omittebantur.

401 1507 497 1550 Hac
529 1509 803 1562 digressione
837 1508 1041 1552 confecta
1072 1521 1163 1552 rem
1195 1508 1449 1552 inchoatam
1478 1520 1804 1562 persequamur.
1865 1507 1966 1551 Plu-

261 1578 379 1622 rimis
412 1579 520 1622 locis
553 1580 695 1622 adhuc
727 1581 1078 1623 commemoratis
1110 1581 1354 1633 scriptores
1386 1581 1430 1623 in
1457 1580 1660 1623 versibus
1691 1579 1801 1634 ipsis
1833 1591 1964 1634 quam

260 1650 590 1694 accuratissime
622 1651 822 1694 haerent.
886 1651 972 1694 Sed
1003 1651 1104 1694 aliis
1137 1651 1274 1694 multo
1307 1651 1512 1694 licentius
1550 1654 1780 1705 poetarum
1813 1651 1964 1694 verbis

263 1733 398 1774 paene
441 1722 485 1764 in
531 1723 775 1765 orationem
808 1724 1057 1776 pedestrem
1090 1723 1319 1766 dissolutis
1359 1735 1516 1766 versus
1560 1722 1831 1777 exscribunt,
1877 1734 1963 1777 quo

262 1795 387 1835 modo
419 1793 483 1846 fit,
529 1799 577 1836 ut
620 1795 762 1848 magis
807 1807 949 1837 sermo
995 1794 1179 1848 simplex
1212 1799 1258 1837 et
1295 1807 1406 1838 unus
1437 1794 1530 1838 fiat.
1594 1795 1705 1838 Nam
1745 1795 1850 1849 quia
1880 1794 1964 1838 hac

260 1864 432 1907 ratione
495 1866 562 1907 usi
614 1866 856 1919 scriptores
908 1865 993 1908 nisi
1047 1877 1161 1919 quae
1213 1878 1323 1919 opus
1375 1871 1497 1920 sunt,
1550 1878 1638 1909 non
1690 1866 1962 1918 exscribunt,

262 1947 462 1978 versuum
498 1949 721 1979 numerum
754 1949 935 1990 prorsus
968 1938 1248 1991 perturbant.

399 2007 608 2051 Socrates
619 2009 663 2050 in
678 2008 882 2051 Platonis
900 2009 1118 2063 Apologia
1133 2009 1208 2061 (34
1220 2009 1280 2063 D)
1296 2021 1469 2052 versum
1484 2025 1507 2053 τ
1525 2010 1607 2053 163
1621 2009 1667 2052 in
1680 2021 1803 2052 suum
1817 2013 1963 2053 trans-

258 2079 402 2120 ferens
434 2091 555 2121 usum
588 2079 714 2121 dicit:
748 2082 818 2123 καί
848 2083 928 2137 γὰρ
959 2088 1080 2124 τοῦτο
1112 2082 1213 2124 αὐτὸ
1244 2083 1292 2124 τὸ
1322 2088 1396 2124 τοῦ
1418 2079 1614 2138 Ὁμήρου,
1647 2077 1749 2124 Οὐδ’
1767 2082 1852 2138 ἐγὼ
1873 2080 1961 2125 ἀπὸ

258 2150 375 2205 δρυὸς
396 2148 482 2193 οὐδ’
512 2152 594 2194 ἀπὸ
615 2151 763 2207 πέτρης
786 2152 965 2208 πέφυκα,
998 2150 1092 2195 ἀλλ’
1123 2152 1167 2205 ἐξ
1198 2151 1434 2209 ἀνθ-ρώπων
1461 2154 1553 2196 κτλ.
1615 2151 1796 2196 Homeri
1818 2152 1957 2196 verba

258 2224 380 2263 sunt:
410 2223 458 2264 οὐ
478 2225 558 2279 γὰρ
580 2224 662 2266 ἀπὸ
685 2222 804 2279 δρυός
825 2225 914 2267 ἐσσι
935 2225 1199 2280 παλαιφάτου
1216 2222 1302 2267 οὐδ’
1322 2226 1405 2268 ἀπὸ
1427 2224 1590 2281 πέτρης,
1614 2235 1727 2277 quae
1749 2223 1962 2267 Socrates

258 2296 428 2334 mutata
460 2292 522 2335 sic
554 2305 635 2335 sua
666 2293 788 2345 facit,
831 2301 878 2337 ut
916 2295 1145 2348 epitheton
1178 2307 1342 2338 ornans
1380 2295 1605 2349 neglegat.
1669 2295 1730 2338 Et
1762 2294 1960 2339 referens

258 2369 302 2403 et
335 2363 603 2406 verbotenus
636 2365 843 2408 adferens
865 2366 1156 2410 Antisthenes
1187 2366 1230 2409 in
1254 2366 1564 2420 Xenophontis
1586 2366 1804 2410 Convivio
1832 2366 1893 2422 (4,
1912 2367 1960 2421 6)

258 2432 381 2475 dicit:
427 2432 481 2477 'H
528 2438 597 2478 καὶ
650 2436 876 2492 βασιλεύειν
928 2439 1007 2494 ἔφη
1060 2439 1082 2481 ὁ
1135 2435 1418 2495 Ἀντισθένης,
1468 2438 1670 2491 ἐπίστασι,
1702 2439 1791 2482 αδτι
1833 2438 1961 2482 οἶσθ-α

257 2506 526 2549 ἐπαινέσαντα
583 2509 706 2550 αὐτὸν
767 2510 837 2551 τὸν
894 2506 1183 2566 Ἀγαμέμνονα
1239 2510 1294 2562 ὡς
1349 2510 1540 2566 βασιλεὺς
1593 2524 1638 2553 τε
1687 2511 1750 2567 εἴη
1796 2510 1961 2566 ἀγαθὸς

257 2578 451 2632 κρατερός
481 2575 739 2634 τάἰχμητής;
771 2578 856 2621 Hic
879 2592 1046 2628 versus,
1081 2580 1204 2623 cuius
1239 2581 1374 2624 verba
1397 2581 1570 2634 quidem
1601 2593 1688 2624 non
1717 2584 1957 2635 mutantur,

260 2647 393 2688 verbo
425 2654 569 2691 autem
603 2651 665 2705 εἴη
697 2651 962 2703 interposito
996 2651 1391 2705 interrumpuntur,
1431 2664 1524 2695 cum
1564 2653 1872 2696 coniunctione
1903 2653 1960 2703 ὡς

258 2718 549 2771 coniungitur.
620 2719 716 2774 Quo
749 2723 876 2763 modo
909 2723 1046 2766 verba
1079 2735 1215 2777 prope
1247 2725 1304 2765 ad
1337 2723 1582 2767 orationem
1616 2725 1805 2767 solutam
1838 2736 1960 2768 acce-

258 2788 378 2836 dunt,
419 2802 679 2843 quamquam
714 2792 789 2834 illa
822 2795 984 2850 ἀγαθὸς
1015 2794 1214 2852 κρατερός
1245 2793 1281 2837 τ’
1312 2796 1514 2853 αἰχμητής
1551 2808 1775 2839 numerum
1806 2797 1959 2851 dacty-

259 2857 381 2900 licum
421 2872 505 2903 non
545 2862 834 2907 dissimulant.
904 2866 1023 2908 Idem
1067 2878 1222 2910 versus
1268 2866 1421 2919 plenus
1459 2879 1486 2909 a
1519 2866 1705 2911 Socrate
1737 2868 1866 2911 Mem.
1889 2866 1959 2911 ΙΙΙ

259 2930 295 2978 2,
317 2934 340 2970 2
375 2930 580 2974 laudatur
613 2934 664 2987 (Γ
693 2935 806 2989 1ῖ9).
872 2936 1040 2980 Deinde
1073 2938 1127 2980 de
1173 2949 1224 2980 eo
1266 2937 1488 2981 disserens
1530 2938 1630 2982 illos
1674 2943 1720 2982 et
1756 2940 1959 2998 κρατερόν
