<?xml version="1.0" encoding="UTF-8"?>
<!DOCTYPE html PUBLIC "-//W3C//DTD XHTML 1.0 Transitional//EN"
    "http://www.w3.org/TR/xhtml1/DTD/xhtml1-transitional.dtd">
<html xmlns="http://www.w3.org/1999/xhtml" xml:lang="en" lang="en">
 <head>
  <title>
</title>
<meta http-equiv="Content-Type" content="text/html;charset=utf-8" />
  <meta name='ocr-system' content='tesseract 3.04.00' />
  <meta name='ocr-capabilities' content='ocr_page ocr_carea ocr_par ocr_line ocrx_word'/>
</head>
<body>
  <div class='ocr_page' id='page_1' title='image "./deveterumscripto00seipuoft_0042.png"; bbox 0 0 2080 3424; ppageno 0'>
   <div class='ocr_carea' id='block_1_1' title="bbox 1861 0 2080 74">
    <p class='ocr_par' dir='ltr' id='par_1_1' title="bbox 1861 0 2080 74">
     <span class='ocr_line' id='line_1_1' title="bbox 1861 0 2080 74; baseline 0 3350"><span class='ocrx_word' id='word_1_1' title='bbox 1861 0 2080 74; x_wconf 95' lang='lat' dir='ltr'><strong> </strong></span> 
     </span>
    </p>
   </div>
   <div class='ocr_carea' id='block_1_2' title="bbox 1095 344 1151 386">
    <p class='ocr_par' dir='ltr' id='par_1_2' title="bbox 1095 344 1151 386">
     <span class='ocr_line' id='line_1_2' title="bbox 1095 344 1151 386; baseline -0.018 0"><span class='ocrx_word' id='word_1_2' title='bbox 1095 344 1151 386; x_wconf 82' lang='lat'><strong>34</strong></span> 
     </span>
    </p>
   </div>
   <div class='ocr_carea' id='block_1_3' title="bbox 981 401 1264 409">
    <p class='ocr_par' dir='ltr' id='par_1_3' title="bbox 981 401 1264 409">
     <span class='ocr_line' id='line_1_3' title="bbox 981 401 1264 409; baseline 0 0"><span class='ocrx_word' id='word_1_3' title='bbox 981 401 1264 409; x_wconf 95' lang='lat' dir='ltr'><strong> </strong></span> 
     </span>
    </p>
   </div>
   <div class='ocr_carea' id='block_1_4' title="bbox 268 483 2011 2971">
    <p class='ocr_par' dir='ltr' id='par_1_4' title="bbox 271 483 2011 1394">
     <span class='ocr_line' id='line_1_4' title="bbox 275 483 1982 539; baseline 0.001 -11"><span class='ocrx_word' id='word_1_4' title='bbox 275 486 350 539; x_wconf 91' lang='lat' dir='ltr'><strong>qui</strong></span> <span class='ocrx_word' id='word_1_5' title='bbox 390 485 586 528; x_wconf 87' lang='lat' dir='ltr'><strong>virorum</strong></span> <span class='ocrx_word' id='word_1_6' title='bbox 637 490 678 527; x_wconf 87' lang='lat' dir='ltr'><strong>et</strong></span> <span class='ocrx_word' id='word_1_7' title='bbox 725 483 984 527; x_wconf 88' lang='lat' dir='ltr'><strong>feminarum</strong></span> <span class='ocrx_word' id='word_1_8' title='bbox 1032 485 1245 527; x_wconf 90' lang='lat' dir='ltr'><strong>virtutem</strong></span> <span class='ocrx_word' id='word_1_9' title='bbox 1291 496 1420 527; x_wconf 91' lang='lat' dir='ltr'><strong>unam</strong></span> <span class='ocrx_word' id='word_1_10' title='bbox 1468 487 1605 538; x_wconf 91' lang='lat' dir='ltr'><strong>atque</strong></span> <span class='ocrx_word' id='word_1_11' title='bbox 1655 485 1839 529; x_wconf 86' lang='lat' dir='ltr'><strong>eandem</strong></span> <span class='ocrx_word' id='word_1_12' title='bbox 1884 497 1982 530; x_wconf 81' lang='lat' dir='ltr'><strong>esse</strong></span> 
     </span>
     <span class='ocr_line' id='line_1_5' title="bbox 274 548 2011 612; baseline 0 -13"><span class='ocrx_word' id='word_1_13' title='bbox 274 557 500 600; x_wconf 82' lang='lat' dir='ltr'>contendit</span> <span class='ocrx_word' id='word_1_14' title='bbox 537 556 687 610; x_wconf 87' lang='lat' dir='ltr'><strong>(Diog.</strong></span> <span class='ocrx_word' id='word_1_15' title='bbox 711 556 863 598; x_wconf 75' lang='lat' dir='ltr'><strong>Laert.</strong></span> <span class='ocrx_word' id='word_1_16' title='bbox 888 555 950 598; x_wconf 86' lang='lat' dir='ltr'><strong>VI</strong></span> <span class='ocrx_word' id='word_1_17' title='bbox 977 556 1062 609; x_wconf 79' lang='lat'>12),</span> <span class='ocrx_word' id='word_1_18' title='bbox 1098 554 1407 598; x_wconf 83' lang='lat' dir='ltr'><strong>reminiscatur</strong></span> <span class='ocrx_word' id='word_1_19' title='bbox 1430 555 1603 607; x_wconf 87' lang='lat' dir='ltr'><strong>(Urban</strong></span> <span class='ocrx_word' id='word_1_20' title='bbox 1636 568 1677 609; x_wconf 90' lang='lat' dir='ltr'><strong>p.</strong></span> <span class='ocrx_word' id='word_1_21' title='bbox 1702 554 1790 611; x_wconf 82' lang='lat'><strong>23).</strong></span> <span class='ocrx_word' id='word_1_22' title='bbox 1853 548 2011 612; x_wconf 73' lang='lat' dir='ltr'><strong>Quod&#39;</strong></span> 
     </span>
     <span class='ocr_line' id='line_1_6' title="bbox 274 626 1982 683; baseline 0.001 -13"><span class='ocrx_word' id='word_1_23' title='bbox 274 632 323 670; x_wconf 90' lang='lat' dir='ltr'><strong>ut</strong></span> <span class='ocrx_word' id='word_1_24' title='bbox 370 628 499 670; x_wconf 85' lang='lat' dir='ltr'><strong>Meno</strong></span> <span class='ocrx_word' id='word_1_25' title='bbox 547 628 773 680; x_wconf 83' lang='lat' dir='ltr'><strong>concedat,</strong></span> <span class='ocrx_word' id='word_1_26' title='bbox 827 639 923 669; x_wconf 91' lang='lat' dir='ltr'><strong>eum</strong></span> <span class='ocrx_word' id='word_1_27' title='bbox 970 626 1251 670; x_wconf 82' lang='lat' dir='ltr'><strong>Antisthenis</strong></span> <span class='ocrx_word' id='word_1_28' title='bbox 1303 627 1528 670; x_wconf 89' lang='lat' dir='ltr'><strong>sententia</strong></span> <span class='ocrx_word' id='word_1_29' title='bbox 1575 638 1680 670; x_wconf 86' lang='lat' dir='ltr'><strong>usus</strong></span> <span class='ocrx_word' id='word_1_30' title='bbox 1726 628 1982 683; x_wconf 79' lang='lat' dir='ltr'><strong>interrogat</strong></span> 
     </span>
     <span class='ocr_line' id='line_1_7' title="bbox 274 697 1980 756; baseline 0.002 -15"><span class='ocrx_word' id='word_1_31' title='bbox 274 700 337 742; x_wconf 88' lang='lat' dir='ltr'><strong>sic</strong></span> <span class='ocrx_word' id='word_1_32' title='bbox 370 700 412 752; x_wconf 82' lang='lat'><strong>(7</strong></span> <span class='ocrx_word' id='word_1_33' title='bbox 418 700 446 740; x_wconf 79' lang='lat'><strong><em>2</em></strong></span> <span class='ocrx_word' id='word_1_34' title='bbox 462 698 543 753; x_wconf 78' lang='lat' dir='ltr'><strong>D):</strong></span> <span class='ocrx_word' id='word_1_35' title='bbox 583 700 756 756; x_wconf 79' lang='grc' dir='ltr'>πότερον</span> <span class='ocrx_word' id='word_1_36' title='bbox 797 699 842 742; x_wconf 85' lang='grc' dir='ltr'><strong>δὲ</strong></span> <span class='ocrx_word' id='word_1_37' title='bbox 878 701 970 756; x_wconf 79' lang='grc' dir='ltr'>περὶ</span> <span class='ocrx_word' id='word_1_38' title='bbox 1008 700 1156 756; x_wconf 84' lang='grc' dir='ltr'>ἀρετῆς</span> <span class='ocrx_word' id='word_1_39' title='bbox 1194 700 1316 756; x_wconf 82' lang='grc' dir='ltr'>μόνον</span> <span class='ocrx_word' id='word_1_40' title='bbox 1357 713 1422 742; x_wconf 87' lang='grc' dir='ltr'><strong>σοι</strong></span> <span class='ocrx_word' id='word_1_41' title='bbox 1452 701 1562 743; x_wconf 79' lang='grc' dir='ltr'>οὕτω</span> <span class='ocrx_word' id='word_1_42' title='bbox 1593 700 1721 753; x_wconf 76' lang='grc' dir='ltr'><strong>δοκεῖ,</strong></span> <span class='ocrx_word' id='word_1_43' title='bbox 1754 697 1788 743; x_wconf 85' lang='grc' dir='ltr'>ὦ</span> <span class='ocrx_word' id='word_1_44' title='bbox 1818 697 1980 755; x_wconf 65' lang='grc' dir='ltr'><strong>Μένων,</strong></span> 
     </span>
     <span class='ocr_line' id='line_1_8' title="bbox 273 769 1981 827; baseline 0.001 -14"><span class='ocrx_word' id='word_1_45' title='bbox 273 771 379 826; x_wconf 79' lang='grc' dir='ltr'>ἄλλη</span> <span class='ocrx_word' id='word_1_46' title='bbox 419 772 491 827; x_wconf 88' lang='grc' dir='ltr'><strong>μὲν</strong></span> <span class='ocrx_word' id='word_1_47' title='bbox 528 771 672 826; x_wconf 85' lang='grc' dir='ltr'>ἀνδρὸς</span> <span class='ocrx_word' id='word_1_48' title='bbox 710 769 823 824; x_wconf 82' lang='grc' dir='ltr'>εἶναι,</span> <span class='ocrx_word' id='word_1_49' title='bbox 867 770 974 827; x_wconf 83' lang='grc' dir='ltr'>ἄλλη</span> <span class='ocrx_word' id='word_1_50' title='bbox 1014 772 1059 814; x_wconf 85' lang='grc' dir='ltr'><strong>δὲ</strong></span> <span class='ocrx_word' id='word_1_51' title='bbox 1097 772 1291 827; x_wconf 79' lang='grc' dir='ltr'>γυναικὸς</span> <span class='ocrx_word' id='word_1_52' title='bbox 1331 772 1402 814; x_wconf 77' lang='grc' dir='ltr'><strong>καὶ</strong></span> <span class='ocrx_word' id='word_1_53' title='bbox 1445 777 1528 814; x_wconf 85' lang='grc' dir='ltr'><strong>τῶν</strong></span> <span class='ocrx_word' id='word_1_54' title='bbox 1569 770 1711 814; x_wconf 82' lang='grc' dir='ltr'>ἄλλων</span> <span class='ocrx_word' id='word_1_55' title='bbox 1752 771 1846 815; x_wconf 80' lang='grc' dir='ltr'><strong>κτλ.</strong></span> <span class='ocrx_word' id='word_1_56' title='bbox 1907 769 1981 814; x_wconf 86' lang='lat' dir='ltr'><strong>Se·</strong></span> 
     </span>
     <span class='ocr_line' id='line_1_9' title="bbox 274 840 1979 896; baseline 0.002 -13"><span class='ocrx_word' id='word_1_57' title='bbox 274 845 432 883; x_wconf 91' lang='lat' dir='ltr'><strong>cuntur</strong></span> <span class='ocrx_word' id='word_1_58' title='bbox 476 840 686 893; x_wconf 85' lang='lat' dir='ltr'><strong>exempla.</strong></span> <span class='ocrx_word' id='word_1_59' title='bbox 751 840 893 893; x_wconf 90' lang='lat' dir='ltr'><strong>Meno,</strong></span> <span class='ocrx_word' id='word_1_60' title='bbox 935 841 1022 884; x_wconf 91' lang='lat' dir='ltr'><strong>etsi</strong></span> <span class='ocrx_word' id='word_1_61' title='bbox 1065 842 1123 884; x_wconf 92' lang='lat' dir='ltr'><strong>ad</strong></span> <span class='ocrx_word' id='word_1_62' title='bbox 1166 841 1276 884; x_wconf 88' lang='lat' dir='ltr'><strong>haec</strong></span> <span class='ocrx_word' id='word_1_63' title='bbox 1319 844 1493 884; x_wconf 89' lang='lat' dir='ltr'><strong>tantum</strong></span> <span class='ocrx_word' id='word_1_64' title='bbox 1532 841 1788 896; x_wconf 83' lang='lat' dir='ltr'><strong>respondet,</strong></span> <span class='ocrx_word' id='word_1_65' title='bbox 1831 845 1979 887; x_wconf 81' lang='lat' dir='ltr'><strong>tamen</strong></span> 
     </span>
     <span class='ocr_line' id='line_1_10' title="bbox 272 911 1977 968; baseline 0.002 -15"><span class='ocrx_word' id='word_1_66' title='bbox 272 916 321 954; x_wconf 87' lang='lat' dir='ltr'><strong>ut</strong></span> <span class='ocrx_word' id='word_1_67' title='bbox 375 911 563 954; x_wconf 90' lang='lat' dir='ltr'><strong>omnium</strong></span> <span class='ocrx_word' id='word_1_68' title='bbox 595 911 807 954; x_wconf 88' lang='lat' dir='ltr'><strong>virtutem</strong></span> <span class='ocrx_word' id='word_1_69' title='bbox 853 923 983 954; x_wconf 90' lang='lat' dir='ltr'><strong>unam</strong></span> <span class='ocrx_word' id='word_1_70' title='bbox 1029 916 1076 955; x_wconf 89' lang='lat' dir='ltr'><strong>et</strong></span> <span class='ocrx_word' id='word_1_71' title='bbox 1123 913 1303 955; x_wconf 89' lang='lat' dir='ltr'><strong>eandem</strong></span> <span class='ocrx_word' id='word_1_72' title='bbox 1349 924 1445 955; x_wconf 89' lang='lat' dir='ltr'><strong>esse</strong></span> <span class='ocrx_word' id='word_1_73' title='bbox 1487 912 1746 966; x_wconf 85' lang='lat' dir='ltr'><strong>comprobet</strong></span> <span class='ocrx_word' id='word_1_74' title='bbox 1786 913 1977 968; x_wconf 83' lang='lat' dir='ltr'><strong>cogitur.</strong></span> 
     </span>
     <span class='ocr_line' id='line_1_11' title="bbox 271 982 1978 1042; baseline 0.002 -17"><span class='ocrx_word' id='word_1_75' title='bbox 271 983 430 1037; x_wconf 89' lang='lat' dir='ltr'><strong>Itaque</strong></span> <span class='ocrx_word' id='word_1_76' title='bbox 468 983 676 1026; x_wconf 81' lang='lat' dir='ltr'><strong>Socrates</strong></span> <span class='ocrx_word' id='word_1_77' title='bbox 717 983 822 1026; x_wconf 78' lang='lat'><strong>730</strong></span> <span class='ocrx_word' id='word_1_78' title='bbox 861 982 988 1026; x_wconf 88' lang='lat' dir='ltr'><strong>dicit:</strong></span> <span class='ocrx_word' id='word_1_79' title='bbox 1033 985 1111 1027; x_wconf 77' lang='grc' dir='ltr'><strong>οὐκ</strong></span> <span class='ocrx_word' id='word_1_80' title='bbox 1151 985 1201 1027; x_wconf 85' lang='grc' dir='ltr'><strong>ἂν</strong></span> <span class='ocrx_word' id='word_1_81' title='bbox 1239 985 1384 1041; x_wconf 84' lang='grc' dir='ltr'>δήπου,</span> <span class='ocrx_word' id='word_1_82' title='bbox 1423 984 1539 1040; x_wconf 79' lang='grc' dir='ltr'>εἴγε</span> <span class='ocrx_word' id='word_1_83' title='bbox 1570 986 1625 1041; x_wconf 88' lang='grc' dir='ltr'><strong>μὴ</strong></span> <span class='ocrx_word' id='word_1_84' title='bbox 1657 986 1685 1042; x_wconf 88' lang='grc' dir='ltr'>ἡ</span> <span class='ocrx_word' id='word_1_85' title='bbox 1715 985 1821 1042; x_wconf 82' lang='grc' dir='ltr'><strong>αὐτὴ</strong></span> <span class='ocrx_word' id='word_1_86' title='bbox 1851 985 1978 1042; x_wconf 78' lang='grc' dir='ltr'>ἀρετὴ</span> 
     </span>
     <span class='ocr_line' id='line_1_12' title="bbox 271 1054 1976 1114; baseline 0.001 -16"><span class='ocrx_word' id='word_1_87' title='bbox 271 1054 320 1111; x_wconf 82' lang='grc' dir='ltr'><strong>ἦν</strong></span> <span class='ocrx_word' id='word_1_88' title='bbox 357 1057 505 1107; x_wconf 83' lang='grc' dir='ltr'>αὐτῶν,</span> <span class='ocrx_word' id='word_1_89' title='bbox 543 1062 603 1111; x_wconf 87' lang='grc' dir='ltr'><strong>τῷ</strong></span> <span class='ocrx_word' id='word_1_90' title='bbox 641 1056 754 1112; x_wconf 84' lang='grc' dir='ltr'>αὐτῷ</span> <span class='ocrx_word' id='word_1_91' title='bbox 793 1057 842 1098; x_wconf 84' lang='grc' dir='ltr'><strong>ἂν</strong></span> <span class='ocrx_word' id='word_1_92' title='bbox 882 1056 1021 1112; x_wconf 81' lang='grc' dir='ltr'>τρόπῳ</span> <span class='ocrx_word' id='word_1_93' title='bbox 1065 1055 1221 1111; x_wconf 74' lang='grc' dir='ltr'><strong>ἀγαθοὶ</strong></span> <span class='ocrx_word' id='word_1_94' title='bbox 1251 1055 1369 1112; x_wconf 82' lang='grc' dir='ltr'><strong>ἦσαν.</strong></span> <span class='ocrx_word' id='word_1_95' title='bbox 1433 1055 1543 1098; x_wconf 86' lang='lat' dir='ltr'><strong>Tum</strong></span> <span class='ocrx_word' id='word_1_96' title='bbox 1582 1055 1732 1099; x_wconf 86' lang='lat' dir='ltr'><strong>Meno:</strong></span> <span class='ocrx_word' id='word_1_97' title='bbox 1781 1057 1831 1100; x_wconf 84' lang='grc' dir='ltr'><strong>οὐ</strong></span> <span class='ocrx_word' id='word_1_98' title='bbox 1860 1056 1976 1114; x_wconf 71' lang='grc' dir='ltr'>δῆτα.</span> 
     </span>
     <span class='ocr_line' id='line_1_13' title="bbox 271 1125 1978 1186; baseline 0.002 -18"><span class='ocrx_word' id='word_1_99' title='bbox 271 1125 471 1179; x_wconf 90' lang='lat' dir='ltr'><strong>Denique</strong></span> <span class='ocrx_word' id='word_1_100' title='bbox 494 1125 703 1169; x_wconf 82' lang='lat' dir='ltr'><strong>Socrates</strong></span> <span class='ocrx_word' id='word_1_101' title='bbox 729 1127 874 1169; x_wconf 90' lang='lat' dir='ltr'><strong>omnia</strong></span> <span class='ocrx_word' id='word_1_102' title='bbox 905 1127 968 1168; x_wconf 90' lang='lat' dir='ltr'><strong>sic</strong></span> <span class='ocrx_word' id='word_1_103' title='bbox 997 1126 1327 1180; x_wconf 86' lang='lat' dir='ltr'><strong>complectitur:</strong></span> <span class='ocrx_word' id='word_1_104' title='bbox 1360 1129 1501 1184; x_wconf 86' lang='grc' dir='ltr'>ἐπειδὴ</span> <span class='ocrx_word' id='word_1_105' title='bbox 1523 1130 1658 1171; x_wconf 78' lang='grc' dir='ltr'>τοίνυν</span> <span class='ocrx_word' id='word_1_106' title='bbox 1678 1129 1707 1185; x_wconf 84' lang='grc' dir='ltr'><strong><em>ἡ</em></strong></span> <span class='ocrx_word' id='word_1_107' title='bbox 1726 1129 1831 1183; x_wconf 78' lang='grc' dir='ltr'><strong>αὐτὴ</strong></span> <span class='ocrx_word' id='word_1_108' title='bbox 1852 1129 1978 1186; x_wconf 80' lang='grc' dir='ltr'><strong>ἀρετὴ</strong></span> 
     </span>
     <span class='ocr_line' id='line_1_14' title="bbox 271 1197 1977 1254; baseline 0.001 -13"><span class='ocrx_word' id='word_1_109' title='bbox 271 1198 436 1241; x_wconf 83' lang='grc' dir='ltr'>πάντων</span> <span class='ocrx_word' id='word_1_110' title='bbox 457 1198 579 1252; x_wconf 86' lang='grc' dir='ltr'><strong>ἐστιν,</strong></span> <span class='ocrx_word' id='word_1_111' title='bbox 601 1203 728 1254; x_wconf 85' lang='grc' dir='ltr'>πειρῶ</span> <span class='ocrx_word' id='word_1_112' title='bbox 749 1199 840 1241; x_wconf 80' lang='grc' dir='ltr'><strong>κτλ.</strong></span> <span class='ocrx_word' id='word_1_113' title='bbox 903 1197 1001 1241; x_wconf 91' lang='lat' dir='ltr'><strong>Hoc</strong></span> <span class='ocrx_word' id='word_1_114' title='bbox 1021 1199 1150 1241; x_wconf 93' lang='lat' dir='ltr'><strong>modo</strong></span> <span class='ocrx_word' id='word_1_115' title='bbox 1174 1198 1382 1242; x_wconf 84' lang='lat' dir='ltr'><strong>Socrates</strong></span> <span class='ocrx_word' id='word_1_116' title='bbox 1414 1211 1507 1241; x_wconf 90' lang='lat' dir='ltr'><strong>cum</strong></span> <span class='ocrx_word' id='word_1_117' title='bbox 1532 1199 1722 1242; x_wconf 90' lang='lat' dir='ltr'><strong>Menone</strong></span> <span class='ocrx_word' id='word_1_118' title='bbox 1743 1199 1977 1253; x_wconf 84' lang='lat' dir='ltr'><strong>disputans</strong></span> 
     </span>
     <span class='ocr_line' id='line_1_15' title="bbox 273 1268 1976 1324; baseline 0.002 -14"><span class='ocrx_word' id='word_1_119' title='bbox 273 1268 550 1311; x_wconf 89' lang='lat' dir='ltr'><strong>Antisthenis</strong></span> <span class='ocrx_word' id='word_1_120' title='bbox 594 1270 875 1322; x_wconf 91' lang='lat' dir='ltr'><strong>sententiam,</strong></span> <span class='ocrx_word' id='word_1_121' title='bbox 921 1270 990 1312; x_wconf 88' lang='lat' dir='ltr'><strong>bis</strong></span> <span class='ocrx_word' id='word_1_122' title='bbox 1034 1269 1183 1313; x_wconf 87' lang='lat' dir='ltr'><strong>adfert</strong></span> <span class='ocrx_word' id='word_1_123' title='bbox 1220 1275 1265 1314; x_wconf 91' lang='lat' dir='ltr'><strong>et</strong></span> <span class='ocrx_word' id='word_1_124' title='bbox 1302 1274 1462 1314; x_wconf 89' lang='lat' dir='ltr'><strong>neutro</strong></span> <span class='ocrx_word' id='word_1_125' title='bbox 1501 1270 1611 1324; x_wconf 92' lang='lat' dir='ltr'><strong>loco,</strong></span> <span class='ocrx_word' id='word_1_126' title='bbox 1655 1282 1751 1315; x_wconf 91' lang='lat' dir='ltr'><strong>cum</strong></span> <span class='ocrx_word' id='word_1_127' title='bbox 1789 1270 1976 1314; x_wconf 85' lang='lat' dir='ltr'><strong>alterius</strong></span> 
     </span>
     <span class='ocr_line' id='line_1_16' title="bbox 271 1339 1088 1394; baseline 0.002 -12"><span class='ocrx_word' id='word_1_128' title='bbox 271 1341 468 1382; x_wconf 89' lang='lat' dir='ltr'><strong>auctoris</strong></span> <span class='ocrx_word' id='word_1_129' title='bbox 500 1339 574 1393; x_wconf 79' lang='lat' dir='ltr'><strong>sit,</strong></span> <span class='ocrx_word' id='word_1_130' title='bbox 607 1341 663 1383; x_wconf 90' lang='lat' dir='ltr'><strong>ad</strong></span> <span class='ocrx_word' id='word_1_131' title='bbox 697 1341 879 1383; x_wconf 85' lang='lat' dir='ltr'><strong>verbum</strong></span> <span class='ocrx_word' id='word_1_132' title='bbox 911 1341 1088 1394; x_wconf 86' lang='lat' dir='ltr'><strong>repetit.</strong></span> 
     </span>
    </p>

    <p class='ocr_par' dir='ltr' id='par_1_5' title="bbox 269 1412 1977 1750">
     <span class='ocr_line' id='line_1_17' title="bbox 411 1412 1975 1468; baseline 0.003 -14"><span class='ocrx_word' id='word_1_133' title='bbox 411 1412 535 1454; x_wconf 90' lang='lat' dir='ltr'><strong>Haec</strong></span> <span class='ocrx_word' id='word_1_134' title='bbox 561 1425 690 1465; x_wconf 87' lang='lat' dir='ltr'><strong>quam</strong></span> <span class='ocrx_word' id='word_1_135' title='bbox 712 1412 898 1456; x_wconf 85' lang='lat' dir='ltr'><strong>licenter</strong></span> <span class='ocrx_word' id='word_1_136' title='bbox 920 1418 1056 1466; x_wconf 90' lang='lat' dir='ltr'><strong>atque</strong></span> <span class='ocrx_word' id='word_1_137' title='bbox 1079 1413 1310 1468; x_wconf 84' lang='lat' dir='ltr'><strong>eleganter</strong></span> <span class='ocrx_word' id='word_1_138' title='bbox 1331 1414 1466 1457; x_wconf 90' lang='lat' dir='ltr'><strong>Plato</strong></span> <span class='ocrx_word' id='word_1_139' title='bbox 1489 1415 1740 1458; x_wconf 87' lang='lat' dir='ltr'><strong>sententias</strong></span> <span class='ocrx_word' id='word_1_140' title='bbox 1761 1415 1975 1468; x_wconf 86' lang='lat' dir='ltr'><strong>quasdam</strong></span> 
     </span>
     <span class='ocr_line' id='line_1_18' title="bbox 271 1482 1977 1538; baseline 0.003 -14"><span class='ocrx_word' id='word_1_141' title='bbox 271 1482 448 1525; x_wconf 80' lang='lat' dir='ltr'><strong>adserat</strong></span> <span class='ocrx_word' id='word_1_142' title='bbox 493 1483 720 1526; x_wconf 85' lang='lat' dir='ltr'><strong>illustrent</strong></span> <span class='ocrx_word' id='word_1_143' title='bbox 765 1488 810 1527; x_wconf 90' lang='lat' dir='ltr'><strong>et</strong></span> <span class='ocrx_word' id='word_1_144' title='bbox 859 1496 924 1538; x_wconf 83' lang='lat' dir='ltr'><strong>ea,</strong></span> <span class='ocrx_word' id='word_1_145' title='bbox 974 1497 1088 1538; x_wconf 88' lang='lat' dir='ltr'><strong>quae</strong></span> <span class='ocrx_word' id='word_1_146' title='bbox 1136 1486 1189 1528; x_wconf 91' lang='lat' dir='ltr'><strong>de</strong></span> <span class='ocrx_word' id='word_1_147' title='bbox 1238 1486 1414 1529; x_wconf 88' lang='lat' dir='ltr'><strong>ratione</strong></span> <span class='ocrx_word' id='word_1_148' title='bbox 1463 1486 1655 1529; x_wconf 89' lang='lat' dir='ltr'><strong>sermoni</strong></span> <span class='ocrx_word' id='word_1_149' title='bbox 1698 1497 1793 1529; x_wconf 90' lang='lat' dir='ltr'><strong>cum</strong></span> <span class='ocrx_word' id='word_1_150' title='bbox 1826 1485 1977 1529; x_wconf 83' lang='lat' dir='ltr'><strong>verbis</strong></span> 
     </span>
     <span class='ocr_line' id='line_1_19' title="bbox 269 1554 1975 1612; baseline 0.002 -16"><span class='ocrx_word' id='word_1_151' title='bbox 269 1554 461 1597; x_wconf 85' lang='lat' dir='ltr'><strong>laudatis</strong></span> <span class='ocrx_word' id='word_1_152' title='bbox 493 1554 801 1599; x_wconf 85' lang='lat' dir='ltr'><strong>intercedente</strong></span> <span class='ocrx_word' id='word_1_153' title='bbox 834 1567 969 1609; x_wconf 87' lang='lat' dir='ltr'><strong>supra</strong></span> <span class='ocrx_word' id='word_1_154' title='bbox 1001 1555 1200 1611; x_wconf 85' lang='lat' dir='ltr'><strong>diximus,</strong></span> <span class='ocrx_word' id='word_1_155' title='bbox 1236 1557 1485 1611; x_wconf 86' lang='lat' dir='ltr'><strong>suppleant.</strong></span> <span class='ocrx_word' id='word_1_156' title='bbox 1549 1557 1649 1601; x_wconf 92' lang='lat' dir='ltr'><strong>Una</strong></span> <span class='ocrx_word' id='word_1_157' title='bbox 1680 1556 1821 1612; x_wconf 82' lang='lat' dir='ltr'><strong>igitur</strong></span> <span class='ocrx_word' id='word_1_158' title='bbox 1850 1557 1975 1602; x_wconf 88' lang='lat' dir='ltr'><strong>Anti-</strong></span> 
     </span>
     <span class='ocr_line' id='line_1_20' title="bbox 269 1625 1974 1682; baseline 0.003 -15"><span class='ocrx_word' id='word_1_159' title='bbox 269 1625 438 1668; x_wconf 89' lang='lat' dir='ltr'><strong>sthenis</strong></span> <span class='ocrx_word' id='word_1_160' title='bbox 461 1627 685 1669; x_wconf 86' lang='lat' dir='ltr'><strong>sententia</strong></span> <span class='ocrx_word' id='word_1_161' title='bbox 706 1627 750 1670; x_wconf 94' lang='lat' dir='ltr'><strong>in</strong></span> <span class='ocrx_word' id='word_1_162' title='bbox 780 1639 1036 1682; x_wconf 87' lang='lat' dir='ltr'><strong>sermonem,</strong></span> <span class='ocrx_word' id='word_1_163' title='bbox 1065 1627 1110 1670; x_wconf 92' lang='lat' dir='ltr'><strong>in</strong></span> <span class='ocrx_word' id='word_1_164' title='bbox 1134 1640 1219 1681; x_wconf 93' lang='lat' dir='ltr'><strong>quo</strong></span> <span class='ocrx_word' id='word_1_165' title='bbox 1253 1633 1523 1672; x_wconf 85' lang='lat' dir='ltr'><strong>commutata</strong></span> <span class='ocrx_word' id='word_1_166' title='bbox 1555 1628 1733 1682; x_wconf 89' lang='lat' dir='ltr'><strong>saepius</strong></span> <span class='ocrx_word' id='word_1_167' title='bbox 1765 1628 1974 1682; x_wconf 88' lang='lat' dir='ltr'><strong>occurrit,</strong></span> 
     </span>
     <span class='ocr_line' id='line_1_21' title="bbox 271 1696 577 1750; baseline 0.007 -12"><span class='ocrx_word' id='word_1_168' title='bbox 271 1696 577 1750; x_wconf 85' lang='lat' dir='ltr'><strong>amplificat-ur.</strong></span> 
     </span>
    </p>

    <p class='ocr_par' dir='ltr' id='par_1_6' title="bbox 268 1768 1974 2740">
     <span class='ocr_line' id='line_1_22' title="bbox 409 1768 1974 1826; baseline 0.004 -16"><span class='ocrx_word' id='word_1_169' title='bbox 409 1768 500 1810; x_wconf 90' lang='lat' dir='ltr'><strong>Alii</strong></span> <span class='ocrx_word' id='word_1_170' title='bbox 531 1772 633 1812; x_wconf 91' lang='lat' dir='ltr'><strong>sunt</strong></span> <span class='ocrx_word' id='word_1_171' title='bbox 664 1770 760 1823; x_wconf 88' lang='lat' dir='ltr'><strong>loci,</strong></span> <span class='ocrx_word' id='word_1_172' title='bbox 796 1771 954 1823; x_wconf 89' lang='lat' dir='ltr'><strong>quibus</strong></span> <span class='ocrx_word' id='word_1_173' title='bbox 987 1783 1127 1825; x_wconf 86' lang='lat' dir='ltr'><strong>aeque</strong></span> <span class='ocrx_word' id='word_1_174' title='bbox 1159 1775 1294 1825; x_wconf 90' lang='lat' dir='ltr'><strong>atque</strong></span> <span class='ocrx_word' id='word_1_175' title='bbox 1326 1771 1415 1814; x_wconf 85' lang='lat' dir='ltr'><strong>illis</strong></span> <span class='ocrx_word' id='word_1_176' title='bbox 1448 1773 1596 1826; x_wconf 87' lang='lat' dir='ltr'><strong>priore</strong></span> <span class='ocrx_word' id='word_1_177' title='bbox 1629 1772 1727 1816; x_wconf 91' lang='lat' dir='ltr'><strong>loco</strong></span> <span class='ocrx_word' id='word_1_178' title='bbox 1760 1772 1974 1816; x_wconf 80' lang='lat' dir='ltr'><strong>tractatis</strong></span> 
     </span>
     <span class='ocr_line' id='line_1_23' title="bbox 269 1841 1974 1897; baseline 0.004 -17"><span class='ocrx_word' id='word_1_179' title='bbox 269 1843 425 1882; x_wconf 86' lang='lat' dir='ltr'><strong>auctor</strong></span> <span class='ocrx_word' id='word_1_180' title='bbox 444 1852 531 1882; x_wconf 92' lang='lat' dir='ltr'><strong>non</strong></span> <span class='ocrx_word' id='word_1_181' title='bbox 551 1845 733 1883; x_wconf 90' lang='lat' dir='ltr'><strong>notatus</strong></span> <span class='ocrx_word' id='word_1_182' title='bbox 753 1841 839 1884; x_wconf 90' lang='lat' dir='ltr'><strong>nisi</strong></span> <span class='ocrx_word' id='word_1_183' title='bbox 859 1842 1089 1885; x_wconf 83' lang='lat' dir='ltr'><strong>vocabulis</strong></span> <span class='ocrx_word' id='word_1_184' title='bbox 1107 1842 1196 1885; x_wconf 88' lang='lat' dir='ltr'><strong>illis</strong></span> <span class='ocrx_word' id='word_1_185' title='bbox 1217 1843 1488 1897; x_wconf 87' lang='lat' dir='ltr'><strong>simplicibus</strong></span> <span class='ocrx_word' id='word_1_186' title='bbox 1508 1847 1588 1886; x_wconf 87' lang='lat' dir='ltr'><strong>aut</strong></span> <span class='ocrx_word' id='word_1_187' title='bbox 1610 1847 1669 1896; x_wconf 77' lang='grc' dir='ltr'><strong>τὶς</strong></span> <span class='ocrx_word' id='word_1_188' title='bbox 1683 1847 1763 1888; x_wconf 87' lang='lat' dir='ltr'><strong>aut</strong></span> <span class='ocrx_word' id='word_1_189' title='bbox 1775 1845 1881 1897; x_wconf 80' lang='grc' dir='ltr'><strong>τινὲς</strong></span> <span class='ocrx_word' id='word_1_190' title='bbox 1893 1844 1974 1887; x_wconf 88' lang='lat' dir='ltr'><strong>rei·</strong></span> 
     </span>
     <span class='ocr_line' id='line_1_24' title="bbox 270 1911 1973 1967; baseline 0.004 -15"><span class='ocrx_word' id='word_1_191' title='bbox 270 1911 396 1964; x_wconf 90' lang='lat' dir='ltr'><strong>citur‚</strong></span> <span class='ocrx_word' id='word_1_192' title='bbox 421 1911 544 1954; x_wconf 79' lang='lat' dir='ltr'><strong>velut</strong></span> <span class='ocrx_word' id='word_1_193' title='bbox 569 1911 636 1954; x_wconf 93' lang='lat' dir='ltr'><strong>De</strong></span> <span class='ocrx_word' id='word_1_194' title='bbox 659 1924 751 1965; x_wconf 87' lang='lat' dir='ltr'><strong>rep.</strong></span> <span class='ocrx_word' id='word_1_195' title='bbox 775 1913 843 1956; x_wconf 84' lang='lat'><strong>111</strong></span> <span class='ocrx_word' id='word_1_196' title='bbox 860 1913 947 1957; x_wconf 89' lang='grc'><strong>410</strong></span> <span class='ocrx_word' id='word_1_197' title='bbox 963 1913 1014 1964; x_wconf 85' lang='grc' dir='ltr'><strong>Β,</strong></span> <span class='ocrx_word' id='word_1_198' title='bbox 1039 1926 1125 1967; x_wconf 92' lang='lat' dir='ltr'><strong>quo</strong></span> <span class='ocrx_word' id='word_1_199' title='bbox 1147 1914 1244 1958; x_wconf 93' lang='lat' dir='ltr'><strong>loco</strong></span> <span class='ocrx_word' id='word_1_200' title='bbox 1267 1915 1401 1958; x_wconf 88' lang='lat' dir='ltr'><strong>Plato</strong></span> <span class='ocrx_word' id='word_1_201' title='bbox 1425 1927 1520 1958; x_wconf 89' lang='lat' dir='ltr'><strong>cum</strong></span> <span class='ocrx_word' id='word_1_202' title='bbox 1542 1916 1742 1959; x_wconf 85' lang='lat' dir='ltr'><strong>Isocrate</strong></span> <span class='ocrx_word' id='word_1_203' title='bbox 1764 1914 1973 1959; x_wconf 83' lang='lat' dir='ltr'><strong>dissentit</strong></span> 
     </span>
     <span class='ocr_line' id='line_1_25' title="bbox 269 1981 1974 2041; baseline 0.004 -18"><span class='ocrx_word' id='word_1_204' title='bbox 269 1981 550 2035; x_wconf 84' lang='lat' dir='ltr'><strong>(Reinhardt‚</strong></span> <span class='ocrx_word' id='word_1_205' title='bbox 584 1983 650 2026; x_wconf 92' lang='lat' dir='ltr'><strong>De</strong></span> <span class='ocrx_word' id='word_1_206' title='bbox 682 1984 739 2027; x_wconf 88' lang='lat' dir='ltr'><strong>Is.</strong></span> <span class='ocrx_word' id='word_1_207' title='bbox 774 1996 882 2027; x_wconf 89' lang='lat' dir='ltr'><strong>aem.</strong></span> <span class='ocrx_word' id='word_1_208' title='bbox 921 1998 961 2038; x_wconf 89' lang='lat' dir='ltr'><strong>p.</strong></span> <span class='ocrx_word' id='word_1_209' title='bbox 996 1986 1084 2039; x_wconf 89' lang='grc'>38),</span> <span class='ocrx_word' id='word_1_210' title='bbox 1119 1985 1225 2040; x_wconf 83' lang='lat' dir='ltr'><strong>LyS.</strong></span> <span class='ocrx_word' id='word_1_211' title='bbox 1250 1986 1335 2029; x_wconf 81' lang='lat'><strong>215</strong></span> <span class='ocrx_word' id='word_1_212' title='bbox 1353 1987 1398 2039; x_wconf 87' lang='lat' dir='ltr'><strong>C,</strong></span> <span class='ocrx_word' id='word_1_213' title='bbox 1433 1986 1500 2030; x_wconf 92' lang='lat' dir='ltr'><strong>De</strong></span> <span class='ocrx_word' id='word_1_214' title='bbox 1532 1999 1624 2040; x_wconf 88' lang='lat' dir='ltr'><strong>rep.</strong></span> <span class='ocrx_word' id='word_1_215' title='bbox 1648 1987 1692 2030; x_wconf 93' lang='lat' dir='ltr'>X</span> <span class='ocrx_word' id='word_1_216' title='bbox 1714 1987 1801 2031; x_wconf 85' lang='lat'><strong>598</strong></span> <span class='ocrx_word' id='word_1_217' title='bbox 1817 1986 1871 2041; x_wconf 89' lang='lat' dir='ltr'><strong>B,</strong></span> <span class='ocrx_word' id='word_1_218' title='bbox 1897 1986 1974 2031; x_wconf 91' lang='lat' dir='ltr'><strong>nbi</strong></span> 
     </span>
     <span class='ocr_line' id='line_1_26' title="bbox 268 2055 1972 2102; baseline 0.004 -7"><span class='ocrx_word' id='word_1_219' title='bbox 268 2065 353 2095; x_wconf 90' lang='lat' dir='ltr'><strong>non</strong></span> <span class='ocrx_word' id='word_1_220' title='bbox 407 2066 531 2097; x_wconf 88' lang='lat' dir='ltr'><strong>secus</strong></span> <span class='ocrx_word' id='word_1_221' title='bbox 582 2066 634 2097; x_wconf 86' lang='lat' dir='ltr'><strong>ac</strong></span> <span class='ocrx_word' id='word_1_222' title='bbox 680 2055 863 2099; x_wconf 84' lang='lat' dir='ltr'><strong>Theaet.</strong></span> <span class='ocrx_word' id='word_1_223' title='bbox 910 2057 989 2099; x_wconf 81' lang='lat'><strong>201</strong></span> <span class='ocrx_word' id='word_1_224' title='bbox 1029 2056 1061 2100; x_wconf 88' lang='lat' dir='ltr'>C</span> <span class='ocrx_word' id='word_1_225' title='bbox 1106 2057 1416 2101; x_wconf 89' lang='lat' dir='ltr'><strong>Antisthenem</strong></span> <span class='ocrx_word' id='word_1_226' title='bbox 1465 2062 1688 2102; x_wconf 87' lang='lat' dir='ltr'><strong>auctorem</strong></span> <span class='ocrx_word' id='word_1_227' title='bbox 1742 2057 1972 2102; x_wconf 86' lang='lat' dir='ltr'><strong>laudatum</strong></span> 
     </span>
     <span class='ocr_line' id='line_1_27' title="bbox 269 2124 1970 2185; baseline 0.004 -19"><span class='ocrx_word' id='word_1_228' title='bbox 269 2124 496 2177; x_wconf 87' lang='lat' dir='ltr'><strong>aequalem</strong></span> <span class='ocrx_word' id='word_1_229' title='bbox 529 2138 625 2168; x_wconf 87' lang='lat' dir='ltr'><strong>esse</strong></span> <span class='ocrx_word' id='word_1_230' title='bbox 653 2127 791 2169; x_wconf 91' lang='lat' dir='ltr'><strong>verbo</strong></span> <span class='ocrx_word' id='word_1_231' title='bbox 823 2129 989 2172; x_wconf 81' lang='grc' dir='ltr'>ἀκούειν</span> <span class='ocrx_word' id='word_1_232' title='bbox 1021 2127 1300 2183; x_wconf 85' lang='lat' dir='ltr'><strong>significatur</strong></span> <span class='ocrx_word' id='word_1_233' title='bbox 1322 2129 1578 2185; x_wconf 73' lang='lat' dir='ltr'><strong>(DUmmler,</strong></span> <span class='ocrx_word' id='word_1_234' title='bbox 1613 2129 1756 2173; x_wconf 80' lang='lat' dir='ltr'><strong>Akad.</strong></span> <span class='ocrx_word' id='word_1_235' title='bbox 1790 2142 1830 2183; x_wconf 87' lang='lat' dir='ltr'><strong>p.</strong></span> <span class='ocrx_word' id='word_1_236' title='bbox 1865 2129 1970 2182; x_wconf 77' lang='lat'>2013</span> 
     </span>
     <span class='ocr_line' id='line_1_28' title="bbox 269 2196 1970 2255; baseline 0.004 -18"><span class='ocrx_word' id='word_1_237' title='bbox 269 2196 520 2239; x_wconf 88' lang='lat' dir='ltr'><strong>Antisthen.</strong></span> <span class='ocrx_word' id='word_1_238' title='bbox 552 2210 591 2250; x_wconf 87' lang='lat' dir='ltr'><strong>p.</strong></span> <span class='ocrx_word' id='word_1_239' title='bbox 622 2198 678 2240; x_wconf 74' lang='lat'><strong>25</strong></span> <span class='ocrx_word' id='word_1_240' title='bbox 696 2198 814 2253; x_wconf 90' lang='lat' dir='ltr'><strong>sqq).</strong></span> <span class='ocrx_word' id='word_1_241' title='bbox 878 2199 1028 2253; x_wconf 88' lang='lat' dir='ltr'><strong>Neque</strong></span> <span class='ocrx_word' id='word_1_242' title='bbox 1077 2212 1184 2243; x_wconf 88' lang='lat' dir='ltr'><strong>vero</strong></span> <span class='ocrx_word' id='word_1_243' title='bbox 1231 2199 1297 2243; x_wconf 88' lang='lat' dir='ltr'><strong>ita</strong></span> <span class='ocrx_word' id='word_1_244' title='bbox 1344 2201 1470 2244; x_wconf 93' lang='lat' dir='ltr'><strong>multi</strong></span> <span class='ocrx_word' id='word_1_245' title='bbox 1517 2205 1634 2255; x_wconf 90' lang='lat' dir='ltr'><strong>sunt,</strong></span> <span class='ocrx_word' id='word_1_246' title='bbox 1687 2201 1792 2255; x_wconf 88' lang='lat' dir='ltr'><strong>quia</strong></span> <span class='ocrx_word' id='word_1_247' title='bbox 1836 2200 1970 2244; x_wconf 86' lang='lat' dir='ltr'><strong>Plato</strong></span> 
     </span>
     <span class='ocr_line' id='line_1_29' title="bbox 268 2269 1970 2325; baseline 0.005 -17"><span class='ocrx_word' id='word_1_248' title='bbox 268 2270 514 2310; x_wconf 85' lang='lat' dir='ltr'><strong>ceterorum</strong></span> <span class='ocrx_word' id='word_1_249' title='bbox 536 2269 799 2322; x_wconf 87' lang='lat' dir='ltr'><strong>scriptorum</strong></span> <span class='ocrx_word' id='word_1_250' title='bbox 823 2270 1152 2324; x_wconf 88' lang='lat' dir='ltr'><strong>simplicitatem</strong></span> <span class='ocrx_word' id='word_1_251' title='bbox 1174 2273 1357 2325; x_wconf 87' lang='lat' dir='ltr'><strong>spernit.</strong></span> <span class='ocrx_word' id='word_1_252' title='bbox 1410 2272 1544 2316; x_wconf 88' lang='lat' dir='ltr'><strong>Immo</strong></span> <span class='ocrx_word' id='word_1_253' title='bbox 1567 2285 1663 2316; x_wconf 89' lang='lat' dir='ltr'><strong>eum</strong></span> <span class='ocrx_word' id='word_1_254' title='bbox 1685 2273 1741 2316; x_wconf 85' lang='lat' dir='ltr'><strong>ad</strong></span> <span class='ocrx_word' id='word_1_255' title='bbox 1763 2276 1970 2316; x_wconf 83' lang='lat' dir='ltr'><strong>auctores</strong></span> 
     </span>
     <span class='ocr_line' id='line_1_30' title="bbox 269 2337 1970 2397; baseline 0.005 -18"><span class='ocrx_word' id='word_1_256' title='bbox 269 2337 512 2381; x_wconf 84' lang='lat' dir='ltr'><strong>laudandos</strong></span> <span class='ocrx_word' id='word_1_257' title='bbox 557 2339 844 2384; x_wconf 81' lang='lat' dir='ltr'><strong>libentissime</strong></span> <span class='ocrx_word' id='word_1_258' title='bbox 889 2343 952 2385; x_wconf 87' lang='lat' dir='ltr'><strong>eis</strong></span> <span class='ocrx_word' id='word_1_259' title='bbox 985 2342 1136 2386; x_wconf 85' lang='lat' dir='ltr'><strong>verbis</strong></span> <span class='ocrx_word' id='word_1_260' title='bbox 1179 2343 1259 2396; x_wconf 88' lang='lat' dir='ltr'><strong>uti,</strong></span> <span class='ocrx_word' id='word_1_261' title='bbox 1305 2344 1464 2397; x_wconf 88' lang='lat' dir='ltr'><strong>quibus</strong></span> <span class='ocrx_word' id='word_1_262' title='bbox 1508 2356 1657 2387; x_wconf 90' lang='lat' dir='ltr'><strong>eorum</strong></span> <span class='ocrx_word' id='word_1_263' title='bbox 1700 2354 1787 2387; x_wconf 89' lang='lat' dir='ltr'><strong>non</strong></span> <span class='ocrx_word' id='word_1_264' title='bbox 1831 2343 1970 2387; x_wconf 88' lang='lat' dir='ltr'><strong>solum</strong></span> 
     </span>
     <span class='ocr_line' id='line_1_31' title="bbox 268 2413 1970 2463; baseline 0.005 -13"><span class='ocrx_word' id='word_1_265' title='bbox 268 2421 409 2451; x_wconf 78' lang='lat' dir='ltr'><strong>mores</strong></span> <span class='ocrx_word' id='word_1_266' title='bbox 463 2415 597 2463; x_wconf 87' lang='lat' dir='ltr'><strong>atque</strong></span> <span class='ocrx_word' id='word_1_267' title='bbox 648 2413 894 2455; x_wconf 86' lang='lat' dir='ltr'><strong>doctrinam</strong></span> <span class='ocrx_word' id='word_1_268' title='bbox 943 2418 1022 2457; x_wconf 91' lang='lat' dir='ltr'><strong>aut</strong></span> <span class='ocrx_word' id='word_1_269' title='bbox 1066 2414 1292 2458; x_wconf 87' lang='lat' dir='ltr'><strong>describat</strong></span> <span class='ocrx_word' id='word_1_270' title='bbox 1339 2419 1418 2458; x_wconf 90' lang='lat' dir='ltr'><strong>aut</strong></span> <span class='ocrx_word' id='word_1_271' title='bbox 1461 2415 1664 2459; x_wconf 90' lang='lat' dir='ltr'><strong>derideat</strong></span> <span class='ocrx_word' id='word_1_272' title='bbox 1709 2416 1790 2459; x_wconf 92' lang='lat' dir='ltr'><strong>sed</strong></span> <span class='ocrx_word' id='word_1_273' title='bbox 1835 2415 1970 2459; x_wconf 86' lang='lat' dir='ltr'><strong>etiam</strong></span> 
     </span>
     <span class='ocr_line' id='line_1_32' title="bbox 270 2479 1969 2538; baseline 0.005 -17"><span class='ocrx_word' id='word_1_274' title='bbox 270 2479 406 2523; x_wconf 85' lang='lat' dir='ltr'><strong>libros</strong></span> <span class='ocrx_word' id='word_1_275' title='bbox 439 2487 484 2524; x_wconf 88' lang='lat' dir='ltr'><strong>et</strong></span> <span class='ocrx_word' id='word_1_276' title='bbox 517 2482 655 2525; x_wconf 82' lang='lat' dir='ltr'><strong>verba</strong></span> <span class='ocrx_word' id='word_1_277' title='bbox 687 2483 921 2538; x_wconf 87' lang='lat' dir='ltr'><strong>significet,</strong></span> <span class='ocrx_word' id='word_1_278' title='bbox 956 2485 1050 2529; x_wconf 91' lang='lat' dir='ltr'><strong>luce</strong></span> <span class='ocrx_word' id='word_1_279' title='bbox 1083 2486 1246 2529; x_wconf 88' lang='lat' dir='ltr'><strong>clarius</strong></span> <span class='ocrx_word' id='word_1_280' title='bbox 1278 2491 1359 2530; x_wconf 88' lang='lat' dir='ltr'><strong>est.</strong></span> <span class='ocrx_word' id='word_1_281' title='bbox 1422 2486 1520 2530; x_wconf 91' lang='lat' dir='ltr'><strong>Hoc</strong></span> <span class='ocrx_word' id='word_1_282' title='bbox 1551 2487 1664 2530; x_wconf 91' lang='lat' dir='ltr'><strong>enim</strong></span> <span class='ocrx_word' id='word_1_283' title='bbox 1695 2486 1825 2530; x_wconf 87' lang='lat' dir='ltr'><strong>modo</strong></span> <span class='ocrx_word' id='word_1_284' title='bbox 1855 2486 1969 2530; x_wconf 81' lang='lat' dir='ltr'><strong>artis</strong></span> 
     </span>
     <span class='ocr_line' id='line_1_33' title="bbox 269 2552 1966 2613; baseline 0.006 -21"><span class='ocrx_word' id='word_1_285' title='bbox 269 2557 403 2604; x_wconf 88' lang='lat' dir='ltr'><strong>atque</strong></span> <span class='ocrx_word' id='word_1_286' title='bbox 442 2552 607 2606; x_wconf 86' lang='lat' dir='ltr'><strong>ingenii</strong></span> <span class='ocrx_word' id='word_1_287' title='bbox 645 2555 880 2599; x_wconf 83' lang='lat' dir='ltr'><strong>exhibendi</strong></span> <span class='ocrx_word' id='word_1_288' title='bbox 918 2556 1109 2601; x_wconf 88' lang='lat' dir='ltr'><strong>facultas</strong></span> <span class='ocrx_word' id='word_1_289' title='bbox 1151 2557 1191 2601; x_wconf 92' lang='lat' dir='ltr'><strong>ei</strong></span> <span class='ocrx_word' id='word_1_290' title='bbox 1222 2558 1361 2602; x_wconf 91' lang='lat' dir='ltr'><strong>multo</strong></span> <span class='ocrx_word' id='word_1_291' title='bbox 1399 2558 1621 2612; x_wconf 90' lang='lat' dir='ltr'><strong>copiosior</strong></span> <span class='ocrx_word' id='word_1_292' title='bbox 1658 2559 1804 2613; x_wconf 85' lang='lat' dir='ltr'><strong>datur,</strong></span> <span class='ocrx_word' id='word_1_293' title='bbox 1837 2569 1966 2612; x_wconf 79' lang='lat' dir='ltr'><strong>quam</strong></span> 
     </span>
     <span class='ocr_line' id='line_1_34' title="bbox 268 2621 1967 2684; baseline 0.005 -21"><span class='ocrx_word' id='word_1_294' title='bbox 268 2621 305 2663; x_wconf 87' lang='lat' dir='ltr'><strong>si</strong></span> <span class='ocrx_word' id='word_1_295' title='bbox 352 2627 556 2666; x_wconf 87' lang='lat' dir='ltr'><strong>auctores</strong></span> <span class='ocrx_word' id='word_1_296' title='bbox 603 2624 920 2679; x_wconf 85' lang='lat' dir='ltr'><strong>simplicissime</strong></span> <span class='ocrx_word' id='word_1_297' title='bbox 967 2633 1106 2672; x_wconf 89' lang='lat' dir='ltr'><strong>notet.</strong></span> <span class='ocrx_word' id='word_1_298' title='bbox 1170 2629 1292 2673; x_wconf 90' lang='lat' dir='ltr'><strong>Haec</strong></span> <span class='ocrx_word' id='word_1_299' title='bbox 1337 2630 1541 2673; x_wconf 90' lang='lat' dir='ltr'><strong>Platonis</strong></span> <span class='ocrx_word' id='word_1_300' title='bbox 1588 2629 1706 2674; x_wconf 88' lang='lat' dir='ltr'><strong>ratio</strong></span> <span class='ocrx_word' id='word_1_301' title='bbox 1757 2628 1967 2684; x_wconf 86' lang='lat' dir='ltr'><strong>exemplis</strong></span> 
     </span>
     <span class='ocr_line' id='line_1_35' title="bbox 269 2694 778 2740; baseline 0.014 -7"><span class='ocrx_word' id='word_1_302' title='bbox 269 2694 486 2736; x_wconf 87' lang='lat' dir='ltr'><strong>nonnullis</strong></span> <span class='ocrx_word' id='word_1_303' title='bbox 518 2695 778 2740; x_wconf 82' lang='lat' dir='ltr'><strong>illustretur.</strong></span> 
     </span>
    </p>

    <p class='ocr_par' dir='ltr' id='par_1_7' title="bbox 268 2764 1966 2971">
     <span class='ocr_line' id='line_1_36' title="bbox 386 2764 1965 2827; baseline 0.009 -21"><span class='ocrx_word' id='word_1_304' title='bbox 386 2764 516 2818; x_wconf 86' lang='lat' dir='ltr'><strong>Soph.</strong></span> <span class='ocrx_word' id='word_1_305' title='bbox 549 2766 686 2809; x_wconf 80' lang='lat' dir='ltr'>251ss</span> <span class='ocrx_word' id='word_1_306' title='bbox 727 2768 885 2822; x_wconf 86' lang='lat' dir='ltr'><strong>hospes</strong></span> <span class='ocrx_word' id='word_1_307' title='bbox 924 2770 1169 2814; x_wconf 88' lang='lat' dir='ltr'><strong>hominibus</strong></span> <span class='ocrx_word' id='word_1_308' title='bbox 1207 2772 1358 2815; x_wconf 83' lang='lat' dir='ltr'><strong>varias</strong></span> <span class='ocrx_word' id='word_1_309' title='bbox 1396 2784 1480 2826; x_wconf 91' lang='lat' dir='ltr'><strong>res,</strong></span> <span class='ocrx_word' id='word_1_310' title='bbox 1520 2773 1723 2827; x_wconf 89' lang='lat' dir='ltr'><strong>colorem,</strong></span> <span class='ocrx_word' id='word_1_311' title='bbox 1764 2772 1965 2827; x_wconf 71' lang='lat' dir='ltr'><strong>speciem,</strong></span> 
     </span>
     <span class='ocr_line' id='line_1_37' title="bbox 268 2835 1966 2898; baseline 0.007 -23"><span class='ocrx_word' id='word_1_312' title='bbox 268 2835 607 2887; x_wconf 81' lang='lat' dir='ltr'><strong>magnitudinem</strong></span> <span class='ocrx_word' id='word_1_313' title='bbox 654 2839 840 2882; x_wconf 86' lang='lat' dir='ltr'><strong>attribui</strong></span> <span class='ocrx_word' id='word_1_314' title='bbox 881 2841 1001 2884; x_wconf 90' lang='lat' dir='ltr'><strong>dicit.</strong></span> <span class='ocrx_word' id='word_1_315' title='bbox 1067 2842 1190 2898; x_wconf 85' lang='lat' dir='ltr'><strong>Quae</strong></span> <span class='ocrx_word' id='word_1_316' title='bbox 1228 2855 1323 2886; x_wconf 89' lang='lat' dir='ltr'><strong>cum</strong></span> <span class='ocrx_word' id='word_1_317' title='bbox 1355 2843 1613 2888; x_wconf 89' lang='lat' dir='ltr'><strong>Antistheni</strong></span> <span class='ocrx_word' id='word_1_318' title='bbox 1653 2844 1838 2889; x_wconf 81' lang='lat' dir='ltr'><strong>maxime</strong></span> <span class='ocrx_word' id='word_1_319' title='bbox 1868 2854 1966 2888; x_wconf 84' lang='lat' dir='ltr'><strong>con-</strong></span> 
     </span>
     <span class='ocr_line' id='line_1_38' title="bbox 269 2906 1966 2971; baseline 0.008 -26"><span class='ocrx_word' id='word_1_320' title='bbox 269 2906 410 2947; x_wconf 86' lang='lat' dir='ltr'><strong>traria</strong></span> <span class='ocrx_word' id='word_1_321' title='bbox 442 2906 545 2959; x_wconf 91' lang='lat' dir='ltr'><strong>sint,</strong></span> <span class='ocrx_word' id='word_1_322' title='bbox 590 2908 720 2952; x_wconf 87' lang='lat' dir='ltr'><strong>Plato</strong></span> <span class='ocrx_word' id='word_1_323' title='bbox 766 2910 847 2954; x_wconf 88' lang='lat' dir='ltr'><strong>hac</strong></span> <span class='ocrx_word' id='word_1_324' title='bbox 892 2914 1121 2958; x_wconf 87' lang='lat' dir='ltr'><strong>occasione</strong></span> <span class='ocrx_word' id='word_1_325' title='bbox 1163 2914 1331 2966; x_wconf 87' lang='lat' dir='ltr'><strong>oblata,</strong></span> <span class='ocrx_word' id='word_1_326' title='bbox 1372 2916 1476 2969; x_wconf 91' lang='lat' dir='ltr'><strong>quid</strong></span> <span class='ocrx_word' id='word_1_327' title='bbox 1517 2917 1570 2959; x_wconf 90' lang='lat' dir='ltr'><strong>de</strong></span> <span class='ocrx_word' id='word_1_328' title='bbox 1611 2917 1704 2960; x_wconf 88' lang='lat' dir='ltr'><strong>eius</strong></span> <span class='ocrx_word' id='word_1_329' title='bbox 1743 2914 1966 2971; x_wconf 82' lang='lat' dir='ltr'><strong>sapientia</strong></span> 
     </span>
    </p>
   </div>
   <div class='ocr_carea' id='block_1_5' title="bbox 268 2976 2047 3045">
    <p class='ocr_par' dir='ltr' id='par_1_8' title="bbox 268 2976 2047 3045">
     <span class='ocr_line' id='line_1_39' title="bbox 268 2976 2047 3045; baseline 0.01 -29"><span class='ocrx_word' id='word_1_330' title='bbox 268 2976 433 3018; x_wconf 84' lang='lat' dir='ltr'><strong>sentiat</strong></span> <span class='ocrx_word' id='word_1_331' title='bbox 477 2981 754 3031; x_wconf 85' lang='lat' dir='ltr'><strong>apertissime</strong></span> <span class='ocrx_word' id='word_1_332' title='bbox 799 2982 1034 3037; x_wconf 84' lang='lat' dir='ltr'><strong>significat.</strong></span> <span class='ocrx_word' id='word_1_333' title='bbox 1099 2984 1207 3029; x_wconf 86' lang='lat' dir='ltr'><strong>Nam</strong></span> <span class='ocrx_word' id='word_1_334' title='bbox 1253 2985 1356 3040; x_wconf 92' lang='lat' dir='ltr'><strong>quid</strong></span> <span class='ocrx_word' id='word_1_335' title='bbox 1403 2988 1693 3032; x_wconf 86' lang='lat' dir='ltr'><strong>Antisthenes</strong></span> <span class='ocrx_word' id='word_1_336' title='bbox 1737 2988 1792 3032; x_wconf 88' lang='lat' dir='ltr'><strong>de</strong></span> <span class='ocrx_word' id='word_1_337' title='bbox 1831 2986 1964 3032; x_wconf 85' lang='lat' dir='ltr'><strong>rebus</strong></span> <span class='ocrx_word' id='word_1_338' title='bbox 2044 3040 2047 3045; x_wconf 49' lang='lat'><strong>.</strong></span> 
     </span>
    </p>
   </div>
  </div>
 </body>
</html>
