2080 3424
1154 312 1210 354 28

451 454 578 498 Licet
600 455 725 497 varie
749 454 815 496 his
837 453 977 496 modis
1005 456 1212 496 auctores
1240 453 1297 496 ab
1319 453 1550 497 Herodoto
1581 452 1856 507 adferantur,
1883 455 2037 499 ⁴*tamen

331 526 643 579 unusquisque,
684 526 830 578 quoad
861 524 957 568 fieri
990 528 1153 578 potest,
1188 527 1377 567 tacetur.
1443 523 1570 579 Quod
1602 523 1860 568 Herodotus
1891 524 1947 569 de
1975 523 2052 575 in—,

333 598 507 639 dustria
531 601 782 651 propterea,
817 597 932 649 quod
966 596 1166 639 omnibus
1197 596 1306 639 locis
1338 595 1589 640 sententiae
1622 595 1826 649 prolatae
1858 595 2039 641 reiciun-

334 673 420 721 tur,
467 668 648 721 petiisse
692 669 882 711 videtur.
945 668 1056 710 Nam
1100 667 1177 711 illo
1221 668 1360 721 primo
1404 667 1515 720 loco,
1559 679 1685 721 quem
1730 667 2037 720 tractavimus,

333 752 428 783 eum
466 743 671 782 auctores
703 739 910 782 laudatos
945 741 1216 783 deridentem
1251 739 1461 783 videmus.
1525 738 1672 794 Quid?
1703 738 1831 795 Quod
1862 738 1963 783 aliis
1993 737 2038 781 in

332 811 463 854 rebus
496 810 540 853 in
573 811 687 854 libro
719 811 864 854 altero
889 812 1100 854 tractatis
1123 815 1281 854 contra
1302 816 1510 854 auctores
1532 823 1635 854 suos
1659 810 2039 854 vehementissime

334 880 521 935 pugnat!
583 882 837 925 Herodotus
870 883 995 936 enim,
1030 887 1265 936 postquam
1297 883 1341 926 ll
1367 885 1420 926 19
1453 882 1568 926 dixit
1596 895 1644 926 se
1666 882 1837 926 frustra
1858 893 2037 936 operam

331 954 517 1007 dedisse,
553 958 602 997 ut
633 953 737 1007 quid
770 966 930 997 causae
963 958 1094 1007 esset,
1125 967 1202 997 cur
1224 953 1350 997 Nilus
1373 958 1627 1009 augeretur,
1653 966 1706 998 ex
1728 953 2039 999 sacerdotibus

331 1026 568 1078 Aegyptiis
616 1026 900 1079 comperiret,
950 1026 1170 1079 capitibus
1218 1026 1276 1068 20
1306 1038 1404 1079 sqq.
1452 1030 1546 1069 tres
1594 1026 1863 1079 sententias,
1912 1037 2037 1080 quaS,

333 1101 378 1138 ut
413 1097 506 1139 eius
540 1098 688 1140 verbis
720 1101 836 1144 utar,
870 1094 1088 1155 Ἑλλήνων
1119 1098 1191 1155 μέν
1218 1112 1323 1149 τινες
1354 1098 1544 1155 ἐπίσημοι
1572 1097 1812 1155 βουλόμενοι
1841 1097 2039 1154 γενέσθαι

330 1169 478 1224 σοφίην
518 1168 601 1211 hac
643 1170 695 1211 de
740 1182 788 1212 re
832 1169 1031 1222 tulerint,
1074 1169 1235 1212 adfert.
1299 1168 1424 1224 Quae
1465 1169 1620 1213 subest
1660 1167 1930 1223 contemptio
1972 1168 2039 1211 his

334 1240 497 1293 verbis,
539 1252 592 1282 ea
630 1242 772 1294 magis
817 1240 1128 1295 amplificatur,
1167 1241 1243 1284 ubi
1281 1242 1531 1284 sententias
1571 1239 1829 1296 singulatim
1861 1239 2039 1284 adferre

332 1310 505 1363 incipit:
551 1313 727 1356 τουτέων
770 1314 842 1364 τὰς
886 1315 959 1369 μὲν
1002 1312 1075 1356 δύο
1105 1319 1188 1356 τῶν
1220 1314 1326 1356 ὁδῶν
1368 1310 1456 1356 οὐδ’
1490 1313 1592 1365 ἀξιῶ
1634 1313 1871 1370 μνησθῆναι
1916 1314 1953 1356 εἰ
1983 1315 2039 1370 μὴ

330 1382 427 1425 ὅσον
459 1389 638 1439 σημῆναι
670 1383 916 1441 βουλόμενος
948 1391 1116 1441 μοῦνον·
1138 1385 1230 1428 κτλ.
1263 1383 1317 1438 (c.
1340 1383 1419 1439 20)
1451 1386 1498 1426 et
1518 1386 1546 1442 ἡ
1566 1382 1604 1428 δ’
1629 1384 1747 1442 ἑτὲρη
1769 1383 2041 1442 ἀνεπιστήμο-

331 1454 499 1511 νεστὲρη
528 1455 600 1510 μέν
627 1457 713 1499 ἐστι
733 1464 806 1512 τῆς
826 1457 1087 1513 λελεγμένης,
1120 1457 1234 1513 λόγῳ
1264 1456 1310 1499 δὲ
1331 1457 1456 1500 εἰπεῖν
1489 1456 1838 1514 θωυμασιωτέρη·
1869 1457 1897 1513 ἣ
1927 1454 2041 1512 λέγει

331 1525 423 1567 κτλ.
457 1525 513 1579 (c,
537 1526 613 1581 21)
638 1530 683 1570 et
710 1529 737 1584 ἡ
767 1529 811 1571 δὲ
842 1529 956 1584 τρίτη
977 1535 1060 1571 τῶν
1082 1529 1188 1571 ὁδῶν
1209 1528 1366 1571 πολλὸν
1387 1528 1673 1584 ἐπιεικεστάτη
1703 1528 1832 1572 ἐοῦσα
1862 1528 2040 1585 μάλιστα

333 1598 541 1652 ἔψευσται.
594 1599 705 1655 λέγει
726 1601 806 1656 γὰρ
828 1601 877 1656 δὴ
898 1597 990 1643 οὐδ’
1011 1602 1114 1656 αὕτη
1144 1599 1275 1654 οὐδὲν,
1298 1599 1459 1656 φαμένη
1481 1599 1552 1642 τὸν
1573 1599 1723 1643 Νεῖλον
1752 1599 1845 1643 κτλ.
1867 1601 1923 1654 (c.
1947 1599 2038 1654 22).

333 1666 417 1709 Hic
438 1667 692 1712 Herodotus
725 1671 879 1713 ordine
912 1670 1142 1713 Thaletem
1164 1670 1438 1713 Hecataeum
1466 1670 1842 1713 Anaximandrum
1873 1682 2040 1714 summa

333 1751 427 1780 cnm
460 1740 527 1782 ira
560 1741 806 1796 redarguit,
837 1743 881 1784 id
914 1743 1031 1795 quod
1063 1743 1180 1796 apud
1209 1741 1572 1785 Wiedemannum
1602 1740 1837 1796 (Herodots
1867 1740 2040 1785 zweites

333 1809 474 1863 Baelo„
518 1810 703 1867 Leipzig]
734 1813 863 1866 1890,
904 1827 943 1867 p.
982 1814 1063 1856 102
1091 1814 1210 1868 sqq.)
1249 1814 1482 1867 probatum
1522 1813 1716 1857 inveniri
1751 1812 1870 1857 licet.
1932 1811 2038 1857 Cum

334 1881 485 1924 horum
528 1888 757 1927 auctorum
801 1886 1048 1928 sententiae
1092 1885 1136 1927 in
1181 1890 1354 1928 tantam
1401 1885 1622 1928 Herodoti
1666 1885 2039 1939 vituperationem

335 1955 551 2008 venirent,
590 1955 686 1999 fieri
723 1969 809 2000 non
849 1958 1008 2010 potuit,
1044 1962 1093 2000 ut
1124 1962 1333 2000 auctores
1373 1957 1459 2011 ipsi
1490 1956 1838 2000 nominarentur.
1901 1955 2039 2000 Hero-

334 2025 483 2067 dotum
528 2039 650 2082 ergo,
692 2040 786 2071 cum
829 2032 1035 2072 auctores
1074 2029 1425 2082 reprehendendi
1463 2041 1599 2072 causa
1637 2027 1851 2082 adferret,
1891 2029 2040 2072 vereri

334 2098 530 2149 coepisse
563 2111 638 2142 eos
669 2101 897 2143 nominare
929 2103 1271 2143 consentaneum
1305 2105 1417 2143 erat.

453 2169 533 2211 His
581 2170 689 2213 locis
719 2171 994 2215 Herodotum
1027 2175 1234 2216 auctores
1266 2171 1443 2215 adferre
1475 2183 1672 2225 quosque
1704 2170 1882 2214 adferat
1914 2175 2039 2215 certa

335 2239 509 2283 ratione
541 2241 626 2284 dici
659 2246 820 2295 potest.
885 2243 997 2287 Aliis
1030 2256 1204 2298 quoque
1237 2244 1490 2287 Hecataeus
1522 2242 1685 2296 respici
1715 2243 1895 2286 videtur
1916 2242 2039 2298 (Heil

338 2313 493 2365 1›.17):
534 2312 676 2366 1201,
723 2314 795 2357 ubi
840 2320 1074 2369 postquam
1122 2316 1174 2359 de
1219 2314 1490 2370 Massagetis
1538 2314 1703 2357 dictum
1747 2317 1830 2368 est,
1874 2315 1951 2358 εἰσί
1993 2315 2039 2358 δὲ

334 2383 477 2435 οἵτινες
514 2387 583 2427 καί
621 2386 834 2429 Σκυθικὸν
872 2387 1037 2443 λέγουσι
1073 2394 1195 2430 τοῦτο
1233 2389 1282 2430 τὸ
1317 2388 1442 2438 ἔθνος
1478 2387 1580 2430 εἶναι
1620 2386 1816 2429 additur.
1878 2386 1944 2429 Ac
1983 2397 2039 2429 ne

336 2454 445 2496 haec
468 2456 637 2507 quidem
663 2457 802 2499 verba
834 2458 1107 2501 dissensione
1130 2459 1318 2511 quadam
1350 2462 1519 2510 carent,
1554 2457 1659 2500 licet
1689 2468 1776 2500 non
1810 2461 1900 2501 tam
1923 2456 2039 2501 dica-

337 2529 409 2566 tur
454 2537 581 2578 quam
626 2528 912 2578 significetur.
977 2529 1023 2572 Si
1067 2529 1179 2572 enim
1217 2528 1472 2571 Herodotus
1517 2529 1572 2572 de
1610 2529 1884 2583 Massagetis
1924 2529 2036 2573 idem

336 2602 470 2649 atque
511 2597 763 2641 Hecataeus
809 2605 1000 2653 putaret,
1045 2599 1124 2643 illa
1168 2599 1307 2643 verba
1351 2600 1427 2642 vix
1470 2600 1671 2643 adderet.
1733 2599 1821 2644 Sed
1863 2599 2039 2654 planius

337 2671 560 2710 auctorem
595 2681 717 2711 suum
751 2671 811 2712 IV
835 2671 1108 2724 8‚11134‚1
1135 2671 1217 2714 146
1255 2670 1459 2714 refellere
1497 2669 1688 2723 videtur,
1729 2671 1889 2724 quibus
1928 2670 2038 2715 locis

337 2738 540 2782 similiter
580 2744 715 2793 atque
756 2741 863 2784 alibi
903 2740 1118 2800 Ἕλληνας
1158 2746 1202 2785 et
1243 2741 1398 2794 Ἰωνας
1438 2741 1638 2785 elocutus
1671 2754 1767 2786 eum
1798 2742 2035 2798 intellegit.

337 2810 460 2862 Quae
483 2823 576 2853 cum
600 2812 664 2854 ita
686 2813 788 2864 sint,
814 2812 1031 2856 Herodoti
1059 2826 1152 2857 eam
1186 2826 1283 2856 esse
1314 2814 1551 2856 statuimus
1582 2814 1955 2868 consuetudinem,
1988 2818 2038 2858 ut
2077 2816 2080 2817 ’

338 2881 578 2933 scriptores
607 2895 691 2926 non
724 2884 978 2927 nominatim
1002 2884 1193 2936 adferat,
1217 2896 1310 2927 cum
1334 2890 1540 2928 auctores
1563 2885 1747 2928 laudare
1769 2897 1856 2929 non
1878 2885 2034 2939 soleat,

338 2952 421 2992 nisi
444 2965 552 3004 quos
575 2954 773 3008 corrigat
795 2962 872 2997 aut
897 2955 1084 2999 refellat.
1132 2956 1309 2999 Scilicet
1332 2956 1621 3009 Herodotum,
1646 2968 1917 3010 quocumque
1938 2955 2036 3000 loeo
