2080 3424
1082 285 1108 326 8

244 438 334 475 tur:
369 431 435 474 De
468 442 559 483 rep.
583 429 626 472 ΙΙ
647 429 799 472 383A:
834 428 929 471 οὐδὲ
960 426 1186 483 Αἰσχύλου,
1218 426 1315 469 ὅταν
1346 431 1404 481 φῇ
1431 425 1459 481 ἡ
1489 422 1608 476 Θέτις
1638 425 1709 467 τὸν
1739 418 1943 467 Ἀπόλλω

242 505 286 547 ἐν
315 511 399 554 τοῖς
429 503 554 558 αὑτῆς
583 502 728 557 γάμοις
759 501 910 556 ᾄδοντα

731 583 993 627 ἐνδατεῖσθαι
1023 584 1096 633 τὰς
1127 581 1197 632 ἑὰς
1227 579 1450 634 εὐπαιδίας,

555 668 687 710 νόσων
722 664 759 709 τ’
789 666 980 722 ἀπείρους
1014 666 1086 708 καὶ
1123 663 1385 721 μακραίωνας
1422 663 1549 720 βίους.

556 750 768 807 ξυμπάντα
803 746 841 792 τ’
861 748 986 792 εἰπὼν
1018 749 1227 805 θεοφιλεῖς
1256 748 1357 805 ἐμὰς
1386 747 1515 804 τύχας
1545 743 1638 789 κτλ.

363 822 553 865 Primum
587 833 761 863 versum
793 820 908 862 hunc
938 818 1094 862 fuisse:
1130 820 1153 862 ὁ
1184 818 1220 860 δ’
1251 819 1475 862 ἐνδατεῖται
1505 819 1579 869 τὰς
1608 817 1710 871 ἐμὰς
1738 814 1949 866 εὐπαιδίας

245 895 521 938 Hermannus
569 896 690 935 recte
737 890 924 935 coniecit
972 890 1160 946 (Nauck.
1203 889 1258 933 fr.
1296 889 1384 933 350
1429 888 1620 940 Aesch.).
1698 885 1786 930 Sed
1831 885 1948 940 apud

246 967 477 1010 Platonem
520 976 676 1007 versus
720 966 960 1017 propterea
997 974 1151 1016 parum
1188 961 1343 1015 plenus
1375 964 1456 1014 est,
1497 960 1614 1014 quod
1643 961 1715 1003 τὸν
1745 955 1949 1002 Ἀπόλλω

248 1037 492 1080 subiectum
514 1035 536 1077 ὁ
558 1036 603 1079 δὲ
625 1034 968 1088 comprehendit.
1002 1034 1100 1077 Hac
1117 1045 1165 1076 re
1182 1037 1330 1076 tamen
1347 1036 1533 1075 metrum
1550 1042 1708 1074 versus
1723 1028 1947 1082 minuitur,

247 1122 346 1152 nam
378 1109 582 1151 trimetro
614 1107 801 1149 iambico
834 1105 975 1160 prima
1002 1105 1179 1160 syllaba
1200 1103 1351 1148 brevis
1375 1105 1512 1147 deest.
1574 1101 1727 1156 Neque
1748 1099 1949 1144 hocloco

248 1181 388 1223 minus
415 1191 544 1233 quam
567 1179 634 1221 De
657 1191 748 1231 rep.
772 1177 815 1220 II
836 1177 977 1221 363A
997 1176 1130 1220 Plato
1154 1188 1286 1219 versu
1308 1175 1453 1218 altero
1476 1173 1549 1218 vel
1570 1174 1708 1216 tertio
1730 1173 1789 1216 ad
1811 1171 1951 1215 verba

249 1250 445 1294 auctoris
477 1250 626 1304 ipsius,
661 1249 782 1292 cuius
816 1261 972 1292 versus
994 1252 1111 1302 sunt,
1143 1247 1275 1301 redit,
1308 1247 1412 1300 quia
1444 1257 1592 1289 omnes
1623 1256 1781 1288 versus
1812 1247 1950 1287 struc-

250 1328 378 1366 turae
402 1322 594 1376 priorum
613 1322 943 1364 accommodare
976 1319 1278 1363 difficillimum
1310 1323 1392 1362 est.
1456 1316 1679 1371 Sequitur,
1713 1319 1763 1359 ut
1794 1326 1951 1358 versus

250 1398 502 1438 structurae
542 1392 758 1449 orationis
796 1392 970 1435 solutae
1009 1391 1158 1446 aptari
1194 1403 1282 1434 non
1320 1389 1505 1444 possint,
1545 1389 1631 1431 nisi
1667 1386 1833 1442 singuli
1873 1389 1950 1429 aut

250 1471 372 1510 certe
405 1466 543 1519 pauci,
583 1464 627 1507 id
669 1466 785 1519 quod
817 1464 926 1507 locis
959 1463 1124 1507 adlatis
1156 1463 1357 1506 vidimus.
1421 1462 1580 1514 Itaque
1612 1458 1788 1514 plurimi
1819 1457 1953 1512 scrip-

251 1543 371 1581 tores
410 1541 587 1580 veteres
626 1548 804 1589 operam
842 1537 964 1590 dant,
1003 1548 1058 1579 ne
1096 1534 1223 1578 nimis
1254 1533 1417 1576 multos
1448 1544 1604 1576 versus
1645 1530 1851 1584 deinceps
1883 1541 1952 1573 ex-

253 1610 465 1653 scribant.
527 1609 712 1652 Hesiodi
743 1607 856 1651 enim
889 1608 1041 1661 verba,
1076 1619 1188 1661 quae
1216 1607 1349 1650 etiam
1371 1604 1641 1648 Aristoteles
1663 1601 1860 1656 Metaph.
1882 1601 1905 1644 I
1926 1601 1954 1644 3

255 1695 293 1735 p.
318 1682 405 1724 984
437 1681 464 1723 b
488 1682 540 1723 27
582 1678 744 1732 adfert,
773 1679 900 1723 Plato
930 1679 1076 1733 Symp.
1112 1678 1246 1721 178Α
1278 1677 1344 1720 ita
1375 1674 1606 1719 exscribit:
1641 1671 1736 1718 ἀλλ’
1763 1671 1956 1724 Ἡσίοδος

254 1758 415 1810 πρῶτον
448 1754 519 1809 μὲν
550 1752 653 1808 χάος
684 1754 782 1808 φησί
813 1749 1011 1808 γενέσθαι

1345 1822 1474 1876 αὐτὰρ
1504 1821 1646 1862 ἔπειτα

597 1892 686 1951 γαῖ’
718 1894 993 1952 εὐρύστερνος,
1025 1894 1189 1938 πάντων
1220 1894 1311 1944 ἕδος
1342 1892 1525 1948 ἀσφαλὲς
1557 1891 1646 1943 αἰεί,

595 1965 666 2024 ἠδ’
686 1965 828 2024 Ἔρος.

374 2050 505 2093 Plato
559 2063 634 2093 eos
684 2062 854 2104 versus,
909 2050 985 2103 qui
1027 2050 1143 2103 apud
1188 2048 1427 2091 Hesiodum
1473 2046 1580 2088 illud
1620 2046 1698 2089 αἰεί
1734 2047 1955 2097 secuntur,

258 2122 444 2176 (Theog.
472 2122 571 2174 118)
606 2123 768 2164 omisit:

541 2205 778 2260 ἀθανάτων,
811 2208 849 2249 οῖ
879 2206 1020 2262 ἔχουσι
1051 2205 1158 2261 κάρη
1190 2203 1397 2260 νιφόεντος
1427 2199 1647 2258 Ὀλύμπου

543 2288 737 2346 Τάρταρά
767 2287 802 2331 τ’
821 2290 1018 2346 ἠερόεντα
1049 2295 1167 2345 μυχῷ
1198 2286 1355 2345 χθονὸς
1385 2285 1630 2343 εὐρυοδείης,

262 2372 373 2412 quae
419 2360 556 2403 verba
598 2361 762 2404 πάντων
805 2361 1030 2404 ἀθανάτων
1062 2363 1106 2402 et
1150 2358 1330 2412 explent
1374 2361 1418 2399 et
1463 2355 1701 2410 explicant.
1764 2353 1863 2409 Qua
1906 2354 1960 2397 de

263 2444 396 2474 causa
428 2444 454 2473 a
486 2431 690 2474 Phaedro
730 2432 891 2474 omissa
928 2432 1031 2484 sint,
1070 2429 1201 2473 facile
1238 2427 1529 2482 intellegitur.
1593 2425 1708 2482 Quia
1746 2426 1873 2479 enim,
1911 2428 1961 2468 ut

266 2505 464 2546 Amorem
499 2504 622 2546 deum
662 2502 1012 2556 antiquissimum
1051 2514 1148 2546 esse
1181 2502 1467 2553 demonstret,
1502 2497 1685 2542 Hesiodi
1718 2497 1858 2540 verba
1888 2497 1961 2539 ad-

264 2573 364 2622 fert,
398 2586 536 2627 neque
571 2574 784 2626 versibus,
819 2587 928 2627 quos
962 2574 1141 2627 omittit,
1175 2572 1406 2626 quicquam
1440 2582 1604 2623 eorum,
1637 2581 1750 2623 quae
1781 2569 1839 2611 ad
1870 2579 1961 2611 rem

266 2645 534 2697 probandam
568 2645 751 2688 alicuius
784 2646 991 2688 momenti
1021 2648 1137 2698 sunt,
1171 2645 1299 2696 inest,
1333 2644 1389 2685 ad
1423 2654 1476 2686 ea
1507 2653 1592 2685 non
1625 2644 1833 2695 spectans
1854 2638 1962 2683 nihil

266 2716 382 2757 aliud
418 2717 500 2759 nisi
533 2717 589 2767 id,
624 2718 738 2769 quod
773 2729 880 2770 opus
913 2722 994 2769 est,
1029 2717 1195 2759 laudat.
1259 2714 1356 2758 Hoc
1386 2715 1513 2756 modo
1546 2713 1684 2756 locum
1718 2712 1872 2755 melius
1902 2711 1963 2754 in—

267 2786 478 2837 tellegere
516 2788 618 2830 mihi
658 2788 811 2831 videor
849 2801 976 2841 qnam
1011 2788 1115 2841 Hug
1151 2784 1357 2841 (Platons
1388 2783 1646 2839 Swnposion
1687 2797 1727 2838 p.
1758 2783 1849 2838 34),
1889 2781 1963 2836 qui

268 2870 406 2910 neque
438 2859 615 2902 Platoni
654 2871 793 2912 neque
826 2859 1062 2902 Aristoteli
1100 2870 1255 2901 versus
1293 2857 1477 2900 omissos
1516 2861 1645 2898 notos
1683 2854 1820 2898 fuisse
1850 2853 1964 2897 arbi-

270 2935 430 2971 tratur.
497 2930 628 2973 Immo
676 2944 760 2973 non
810 2931 984 2973 dubium
1033 2935 1114 2982 est,
1165 2930 1267 2983 quin
1302 2927 1570 2971 Aristoteles
1615 2937 1802 2980 quoque,
1836 2936 1962 2979 quem
