2080 3424
1119 339 1174 380 50

290 493 369 524 usu
413 480 507 535 egit
551 479 702 534 (Diog.
743 478 915 521 Laert.:
963 482 1054 537 περὶ
1094 480 1306 536 ὀνομάτων
1348 478 1537 536 χρήσεως
1583 476 1815 536 ἐριστικός»
1862 478 1997 534 pert-i-

289 553 435 595 nuisse
469 552 659 594 videtur.
712 550 836 592 Haec
868 554 1133 603 argumenta
1164 549 1406 603 respiciens
1428 549 1558 592 Plato
1591 562 1687 593 cum
1715 549 1997 595 Antisthenis

292 624 442 667 verbis
487 622 694 679 (ὀνόμασι)
740 625 970 674 comparat
1013 634 1084 664 res
1130 620 1403 679 (πράγματα),
1450 622 1608 675 quibus
1649 633 1997 676 unumquemque

289 696 355 738 uti
401 700 446 737 et
494 695 537 736 id
585 698 706 735 recte
753 705 932 736 necesse
979 694 1052 736 sit.
1115 693 1244 736 Hanc
1285 705 1394 745 esse,
1429 698 1478 736 ut
1510 692 1792 737 Antisthenis
1823 696 1871 736 et
1898 693 1998 737 Pla-

290 767 406 808 tonis
442 765 577 808 verbo
611 764 718 819 (282
735 766 791 818 A)
823 770 940 813 utar,
975 777 1126 808 veram
1158 766 1382 822 ὀρθότητα,
1417 776 1503 807 non
1537 765 1750 822 ὀνομάτων
1787 765 1998 824 ὀρθ-ἁτητα

289 839 389 890 (277
409 836 482 892 E).
545 836 631 879 Sed
678 836 799 878 aliud
848 837 1036 879 accedit.
1099 836 1160 880 Ut
1204 837 1317 879 enim
1364 836 1503 879 ceteri
1550 835 1802 890 philosophi
1833 834 1997 880 Graeci

289 911 351 951 sic
373 908 664 951 Antisthenes
697 908 742 949 id
774 908 1011 961 spectavit,
1045 910 1096 950 ut
1127 908 1260 951 beate
1283 909 1471 950 viveret.
1526 907 1680 961 Neque
1701 907 1843 951 minus
1864 906 1996 951 Plato

289 981 515 1024 Socratem
561 979 604 1022 in
649 979 869 1032 colloquio
915 991 1011 1022 cum
1054 979 1197 1023 Clinia
1241 979 1395 1022 habito
1438 979 1633 1023 homines
1678 978 1995 1023 beatitudinem

288 1057 438 1105 petere
480 1052 697 1093 dicentem
737 1049 860 1092 facit.
925 1050 1012 1093 Sed
1045 1051 1222 1094 Socrati
1259 1050 1447 1094 scientia
1487 1050 1819 1094 fundamentum
1859 1050 1997 1094 beati-

291 1124 457 1166 tudinis
499 1122 678 1164 futurae
717 1125 799 1175 est,
840 1123 956 1174 quod
987 1122 1290 1175 Antisthenes,
1330 1123 1406 1176 qui
1442 1135 1469 1164 a
1513 1122 1871 1166 consideratione
1901 1134 1998 1166 ver-

287 1196 441 1237 borum
478 1193 803 1236 institutionem
841 1193 1043 1236 inchoari
1081 1193 1210 1236 initio
1249 1193 1353 1236 libri
1391 1206 1526 1247 supra
1549 1179 1878 1236 commemorati
1899 1205 1996 1238 con-

288 1265 502 1318 stituerit,
536 1266 682 1308 iacere
715 1264 1019 1307 intermiserit.
1073 1264 1134 1308 Ut
1157 1265 1239 1308 hoc
1261 1264 1591 1308 fundamentum
1624 1269 1830 1319 ponatur,
1863 1265 1996 1309 Plato

287 1336 568 1380 Antisthenis
622 1336 1054 1390 argumentationem
1109 1349 1198 1379 non
1253 1337 1392 1379 solum
1446 1336 1663 1390 imitatur,
1717 1337 1797 1380 sed
1849 1336 1997 1391 gravi-

289 1422 407 1452 orem
439 1408 562 1451 facit.

407 1479 576 1535 Quibus
624 1479 757 1522 rebus
799 1479 992 1533 cognitis
1034 1480 1282 1522 sententias
1313 1479 1651 1523 Antisthenicas
1688 1478 1839 1523 multis
1886 1478 1996 1522 locis

287 1552 414 1594 huius
448 1564 621 1605 quoque
655 1552 972 1604 disputationis
1006 1550 1421 1600 Socratissubesse
1452 1552 1496 1594 in
1530 1555 1688 1605 aperto
1716 1554 1798 1595 est.
1847 1551 1997 1605 Atque

288 1623 370 1666 hoc
402 1635 550 1666 omnes
589 1624 844 1676 concedent,
884 1622 1097 1665 urbanius
1136 1627 1271 1676 atque
1305 1622 1555 1677 elegantius
1593 1627 1754 1666 contra
1790 1626 1997 1666 auctores

287 1695 370 1738 hoc
401 1695 527 1737 modo
560 1694 737 1736 adlatos
770 1695 960 1748 pugnari
983 1695 1060 1737 vix
1082 1706 1224 1747 posse.
1278 1693 1389 1736 Nam
1413 1694 1554 1748 Plato,
1580 1706 1842 1748 quamquam
1863 1693 1997 1747 longe

287 1767 378 1809 alia
416 1771 551 1819 atque
589 1765 878 1809 adversarius
917 1767 1092 1819 probat,
1134 1771 1280 1809 tamen
1320 1766 1555 1809 sententiis
1585 1765 1847 1820 quibusdam
1877 1765 1997 1808 illius

289 1842 334 1880 et
377 1837 606 1880 vocabulis
644 1850 768 1891 usus,
810 1850 936 1891 quem
976 1842 1201 1881 auctorem
1240 1839 1284 1880 in
1323 1842 1470 1880 mente
1508 1838 1674 1881 habeat
1693 1837 1996 1881 hominilitte-

288 1922 436 1952 rarum
469 1910 613 1963 perito
646 1911 758 1952 satis
789 1914 945 1963 aperte
978 1909 1217 1962 significat.
1895 1963 1903 1970 ·

406 1981 456 2023 In
503 1981 693 2034 dialogis
738 1981 960 2024 nonnullis
993 1986 1199 2024 auctores
1238 1981 1488 2035 philosophi
1519 1994 1614 2024 cum
1647 1981 1835 2024 Socrate
1867 1979 1997 2024 collo-

288 2058 460 2096 cuntur.
527 2054 592 2096 Ad
627 2065 736 2106 quos
777 2055 941 2107 optime
980 2054 1294 2096 describendos
1332 2053 1464 2096 Plato
1504 2054 1638 2096 etiam
1671 2052 1907 2097 sententiis
1937 2051 1996 2096 ab

289 2126 351 2168 eis
389 2130 466 2167 aut
505 2126 683 2178 scriptis
722 2131 799 2167 aut
839 2125 971 2168 dictis
1012 2137 1335 2179 nonnumquam
1382 2126 1537 2178 utitur,
1573 2137 1683 2178 quas
1729 2137 1805 2168 eos
1836 2125 1995 2168 iterum

288 2198 485 2239 dicentes
523 2196 647 2249 facit,
684 2197 807 2240 velut
847 2198 1058 2251 Gorgiam
1100 2202 1145 2240 et
1181 2197 1335 2239 Polum
1373 2196 1417 2239 in
1451 2196 1643 2250 dialogo,
1679 2197 1755 2250 qui
1797 2194 1997 2251 Gorgiae

288 2268 460 2311 nomine
491 2268 761 2322 inscribitur,
803 2273 848 2311 et
886 2268 1112 2322 sophistas
1150 2269 1194 2311 in
1226 2268 1483 2322 Protagora
1520 2267 1700 2322 dialogo
1734 2266 1803 2323 (cf.
1851 2266 1997 2311 Zeller

290 2339 420 2380 Arch.
460 2339 492 2392 f.
527 2338 676 2381 Geseh.
718 2340 758 2381 cl.
792 2338 875 2381 Ph.
910 2340 948 2382 V
985 2340 1065 2382 165
1090 2340 1223 2395 sqq).
1277 2340 1404 2382 Hunc
1437 2352 1533 2383 esse
1581 2351 1743 2382 morem
1788 2343 1996 2382 auctores

290 2410 498 2452 laudandi
542 2411 832 2464 Platonicum,
877 2424 1001 2464 quem
1048 2411 1191 2454 forma
1234 2411 1458 2465 dialogica
1501 2410 1669 2463 tulerit,
1720 2410 1849 2464 paulo
1894 2415 1998 2464 post

291 2482 462 2534 planius
495 2483 583 2524 fiet.
647 2482 799 2536 Neque
833 2484 945 2525 enim
979 2495 1127 2526 eorum
1160 2483 1269 2536 1000,
1304 2482 1378 2535 qui
1419 2481 1519 2526 aliis
1554 2481 1597 2524 in
1633 2481 1839 2536 dialogiS,
1873 2481 1996 2526 velut
2076 2498 2080 2541 ᾗ

290 2554 331 2595 in
377 2554 634 2606 Theaeteto,
683 2554 868 2597 aliorum
920 2560 1149 2598 auctorum
1202 2554 1342 2597 verba
1392 2554 1589 2606 laudant,
1630 2558 1838 2597 auctores
1874 2554 1996 2608 ipsos
2077 2563 2080 2584 ἑ

292 2626 539 2668 sentent-ias
573 2638 675 2667 suas
711 2625 988 2679 proferentes
1020 2626 1168 2669 facere
1202 2625 1380 2668 difficile
1413 2630 1524 2668 erat.
1587 2625 1685 2668 Hac
1717 2624 1892 2668 ratione
1923 2625 1996 2667 ad-
2073 2610 2080 2701 Ξ

292 2695 433 2738 hibita
467 2698 541 2738 vix
563 2696 660 2739 fieri
684 2698 892 2750 potuisse,
917 2702 966 2740 ut
994 2698 1038 2740 in
1062 2709 1324 2751 unaquaque
1347 2698 1571 2740 sententia
1591 2697 1778 2740 laudata
1798 2694 1996 2739 auctoris

291 2779 445 2810 nomen
483 2780 510 2810 a
548 2768 736 2811 Platone
775 2770 1028 2822 adderetur,
1068 2768 1201 2812 facile
1238 2767 1528 2823 intellegitur.
1592 2769 1655 2812 Ac
1693 2780 1748 2811 ne
1789 2770 1996 2811 auctores
2073 2746 2080 2803 ,³

302 2839 470 2890 quidem
511 2839 596 2892 ipsi
628 2839 710 2883 hoc
742 2844 788 2883 et
818 2841 926 2883 illud
949 2853 996 2884 se
1027 2842 1071 2884 in
1103 2840 1180 2884 illo
1201 2844 1279 2883 aut
1301 2840 1377 2883 illo
1400 2840 1514 2883 libro
1537 2839 1701 2883 dixisse
1723 2838 1997 2891 confirmant,

296 2910 373 2951 sed
414 2911 644 2954 occasione
684 2911 837 2954 oblata
876 2912 1142 2955 sententiam
1181 2911 1288 2955 alibi
1326 2911 1546 2965 prolatam
1589 2923 1668 2954 nec
1704 2915 1887 2955 auctore
1916 2921 1998 2953 nec

292 2979 405 3022 libro
438 2981 624 3024 adiectis
658 2995 744 3025 una
777 2995 870 3025 cum
906 2985 982 3037 eis,
1017 2996 1130 3037 quae
1163 2983 1292 3026 Plato
1326 2984 1379 3026 de
1412 2995 1490 3026 suo
1524 2983 1663 3036 addit,
1698 2982 1862 3026 dicunt.
